%YAML 1.1
%TAG !u! tag:unity3d.com,2011:
--- !u!1001 &100100000
Prefab:
  m_ObjectHideFlags: 1
  serializedVersion: 2
  m_Modification:
    m_TransformParent: {fileID: 0}
    m_Modifications: []
    m_RemovedComponents: []
  m_ParentPrefab: {fileID: 0}
  m_RootGameObject: {fileID: 1948578334678698}
  m_IsPrefabParent: 1
--- !u!1 &1001006960599696
GameObject:
  m_ObjectHideFlags: 1
  m_PrefabParentObject: {fileID: 0}
  m_PrefabInternal: {fileID: 100100000}
  serializedVersion: 5
  m_Component:
  - component: {fileID: 4788215152170536}
  m_Layer: 0
  m_Name: L_TUMB_Bone013(mirrored)
  m_TagString: Untagged
  m_Icon: {fileID: 0}
  m_NavMeshLayer: 0
  m_StaticEditorFlags: 0
  m_IsActive: 1
--- !u!1 &1005116463149318
GameObject:
  m_ObjectHideFlags: 1
  m_PrefabParentObject: {fileID: 0}
  m_PrefabInternal: {fileID: 100100000}
  serializedVersion: 5
  m_Component:
  - component: {fileID: 4416504577236158}
  m_Layer: 0
  m_Name: L_FOOT_Bone004(mirrored)
  m_TagString: Untagged
  m_Icon: {fileID: 0}
  m_NavMeshLayer: 0
  m_StaticEditorFlags: 0
  m_IsActive: 1
--- !u!1 &1028946675843876
GameObject:
  m_ObjectHideFlags: 1
  m_PrefabParentObject: {fileID: 0}
  m_PrefabInternal: {fileID: 100100000}
  serializedVersion: 5
  m_Component:
  - component: {fileID: 4528610975278468}
  m_Layer: 0
  m_Name: L_MIDDLE_MID_Bone008(mirrored)
  m_TagString: Untagged
  m_Icon: {fileID: 0}
  m_NavMeshLayer: 0
  m_StaticEditorFlags: 0
  m_IsActive: 1
--- !u!1 &1032459806358318
GameObject:
  m_ObjectHideFlags: 1
  m_PrefabParentObject: {fileID: 0}
  m_PrefabInternal: {fileID: 100100000}
  serializedVersion: 5
  m_Component:
  - component: {fileID: 4419488677903632}
  m_Layer: 0
  m_Name: R_MIDDLE_MID_Bone008
  m_TagString: Untagged
  m_Icon: {fileID: 0}
  m_NavMeshLayer: 0
  m_StaticEditorFlags: 0
  m_IsActive: 1
--- !u!1 &1037775709584030
GameObject:
  m_ObjectHideFlags: 1
  m_PrefabParentObject: {fileID: 0}
  m_PrefabInternal: {fileID: 100100000}
  serializedVersion: 5
  m_Component:
  - component: {fileID: 4742212865307596}
  m_Layer: 0
  m_Name: R_THUMB_TIPBone014
  m_TagString: Untagged
  m_Icon: {fileID: 0}
  m_NavMeshLayer: 0
  m_StaticEditorFlags: 0
  m_IsActive: 1
--- !u!1 &1080615736035408
GameObject:
  m_ObjectHideFlags: 1
  m_PrefabParentObject: {fileID: 0}
  m_PrefabInternal: {fileID: 100100000}
  serializedVersion: 5
  m_Component:
  - component: {fileID: 4631529683719778}
  m_Layer: 0
  m_Name: R_MIDDLE_TIP_bone009
  m_TagString: Untagged
  m_Icon: {fileID: 0}
  m_NavMeshLayer: 0
  m_StaticEditorFlags: 0
  m_IsActive: 1
--- !u!1 &1082885826045526
GameObject:
  m_ObjectHideFlags: 1
  m_PrefabParentObject: {fileID: 0}
  m_PrefabInternal: {fileID: 100100000}
  serializedVersion: 5
  m_Component:
  - component: {fileID: 4973225290423768}
  m_Layer: 0
  m_Name: R_PIONTER_TIP_Bone012
  m_TagString: Untagged
  m_Icon: {fileID: 0}
  m_NavMeshLayer: 0
  m_StaticEditorFlags: 0
  m_IsActive: 1
--- !u!1 &1114915059333264
GameObject:
  m_ObjectHideFlags: 1
  m_PrefabParentObject: {fileID: 0}
  m_PrefabInternal: {fileID: 100100000}
  serializedVersion: 5
  m_Component:
  - component: {fileID: 4361226736828320}
  m_Layer: 0
  m_Name: R_HAND001
  m_TagString: Untagged
  m_Icon: {fileID: 0}
  m_NavMeshLayer: 0
  m_StaticEditorFlags: 0
  m_IsActive: 1
--- !u!1 &1120190653915206
GameObject:
  m_ObjectHideFlags: 1
  m_PrefabParentObject: {fileID: 0}
  m_PrefabInternal: {fileID: 100100000}
  serializedVersion: 5
  m_Component:
  - component: {fileID: 4796474292137770}
  m_Layer: 0
  m_Name: spine_6
  m_TagString: Untagged
  m_Icon: {fileID: 0}
  m_NavMeshLayer: 0
  m_StaticEditorFlags: 0
  m_IsActive: 1
--- !u!1 &1126767633692866
GameObject:
  m_ObjectHideFlags: 1
  m_PrefabParentObject: {fileID: 0}
  m_PrefabInternal: {fileID: 100100000}
  serializedVersion: 5
  m_Component:
  - component: {fileID: 4776700822733072}
  m_Layer: 0
  m_Name: L_HIP_Bone001(mirrored)
  m_TagString: Untagged
  m_Icon: {fileID: 0}
  m_NavMeshLayer: 0
  m_StaticEditorFlags: 0
  m_IsActive: 1
--- !u!1 &1150466018405426
GameObject:
  m_ObjectHideFlags: 1
  m_PrefabParentObject: {fileID: 0}
  m_PrefabInternal: {fileID: 100100000}
  serializedVersion: 5
  m_Component:
  - component: {fileID: 4764330297615346}
  m_Layer: 0
  m_Name: R_LEG_Bone002
  m_TagString: Untagged
  m_Icon: {fileID: 0}
  m_NavMeshLayer: 0
  m_StaticEditorFlags: 0
  m_IsActive: 1
--- !u!1 &1196061719442836
GameObject:
  m_ObjectHideFlags: 1
  m_PrefabParentObject: {fileID: 0}
  m_PrefabInternal: {fileID: 100100000}
  serializedVersion: 5
  m_Component:
  - component: {fileID: 4072056596929274}
  m_Layer: 0
  m_Name: spine_5
  m_TagString: Untagged
  m_Icon: {fileID: 0}
  m_NavMeshLayer: 0
  m_StaticEditorFlags: 0
  m_IsActive: 1
--- !u!1 &1196376527168274
GameObject:
  m_ObjectHideFlags: 1
  m_PrefabParentObject: {fileID: 0}
  m_PrefabInternal: {fileID: 100100000}
  serializedVersion: 5
  m_Component:
  - component: {fileID: 4342666409728972}
  m_Layer: 0
  m_Name: core
  m_TagString: Untagged
  m_Icon: {fileID: 0}
  m_NavMeshLayer: 0
  m_StaticEditorFlags: 0
  m_IsActive: 1
--- !u!1 &1207996842507008
GameObject:
  m_ObjectHideFlags: 1
  m_PrefabParentObject: {fileID: 0}
  m_PrefabInternal: {fileID: 100100000}
  serializedVersion: 5
  m_Component:
  - component: {fileID: 4570698174991874}
  m_Layer: 0
  m_Name: L_LEG_Bone002(mirrored)
  m_TagString: Untagged
  m_Icon: {fileID: 0}
  m_NavMeshLayer: 0
  m_StaticEditorFlags: 0
  m_IsActive: 1
--- !u!1 &1236931450543118
GameObject:
  m_ObjectHideFlags: 1
  m_PrefabParentObject: {fileID: 0}
  m_PrefabInternal: {fileID: 100100000}
  serializedVersion: 5
  m_Component:
  - component: {fileID: 4237401728608222}
  m_Layer: 0
  m_Name: L_MIDDLE_TIP_bone009(mirrored)
  m_TagString: Untagged
  m_Icon: {fileID: 0}
  m_NavMeshLayer: 0
  m_StaticEditorFlags: 0
  m_IsActive: 1
--- !u!1 &1243030047582322
GameObject:
  m_ObjectHideFlags: 1
  m_PrefabParentObject: {fileID: 0}
  m_PrefabInternal: {fileID: 100100000}
  serializedVersion: 5
  m_Component:
  - component: {fileID: 4104236677804630}
  m_Layer: 0
  m_Name: R_TOE_Bone005
  m_TagString: Untagged
  m_Icon: {fileID: 0}
  m_NavMeshLayer: 0
  m_StaticEditorFlags: 0
  m_IsActive: 1
--- !u!1 &1245234669612688
GameObject:
  m_ObjectHideFlags: 1
  m_PrefabParentObject: {fileID: 0}
  m_PrefabInternal: {fileID: 100100000}
  serializedVersion: 5
  m_Component:
  - component: {fileID: 4124630457320098}
  m_Layer: 0
  m_Name: L_hand005(mirrored)
  m_TagString: Untagged
  m_Icon: {fileID: 0}
  m_NavMeshLayer: 0
  m_StaticEditorFlags: 0
  m_IsActive: 1
--- !u!1 &1268085829102656
GameObject:
  m_ObjectHideFlags: 1
  m_PrefabParentObject: {fileID: 0}
  m_PrefabInternal: {fileID: 100100000}
  serializedVersion: 5
  m_Component:
  - component: {fileID: 4617769844829122}
  m_Layer: 0
  m_Name: R_PINKY_TIP_Bone006
  m_TagString: Untagged
  m_Icon: {fileID: 0}
  m_NavMeshLayer: 0
  m_StaticEditorFlags: 0
  m_IsActive: 1
--- !u!1 &1271586014407898
GameObject:
  m_ObjectHideFlags: 1
  m_PrefabParentObject: {fileID: 0}
  m_PrefabInternal: {fileID: 100100000}
  serializedVersion: 5
  m_Component:
  - component: {fileID: 4663298703077224}
  m_Layer: 0
  m_Name: R_PIONTER_MID_Bone011
  m_TagString: Untagged
  m_Icon: {fileID: 0}
  m_NavMeshLayer: 0
  m_StaticEditorFlags: 0
  m_IsActive: 1
--- !u!1 &1276864819110930
GameObject:
  m_ObjectHideFlags: 1
  m_PrefabParentObject: {fileID: 0}
  m_PrefabInternal: {fileID: 100100000}
  serializedVersion: 5
  m_Component:
  - component: {fileID: 4672233611824730}
  m_Layer: 0
  m_Name: L_PIONTER_BASE_Bone010(mirrored)
  m_TagString: Untagged
  m_Icon: {fileID: 0}
  m_NavMeshLayer: 0
  m_StaticEditorFlags: 0
  m_IsActive: 1
--- !u!1 &1278902427442178
GameObject:
  m_ObjectHideFlags: 1
  m_PrefabParentObject: {fileID: 0}
  m_PrefabInternal: {fileID: 100100000}
  serializedVersion: 5
  m_Component:
  - component: {fileID: 4781678301074208}
  m_Layer: 0
  m_Name: spine_1
  m_TagString: Untagged
  m_Icon: {fileID: 0}
  m_NavMeshLayer: 0
  m_StaticEditorFlags: 0
  m_IsActive: 1
--- !u!1 &1281150970890512
GameObject:
  m_ObjectHideFlags: 1
  m_PrefabParentObject: {fileID: 0}
  m_PrefabInternal: {fileID: 100100000}
  serializedVersion: 5
  m_Component:
  - component: {fileID: 4649342825727760}
  m_Layer: 0
  m_Name: Spine_2
  m_TagString: Untagged
  m_Icon: {fileID: 0}
  m_NavMeshLayer: 0
  m_StaticEditorFlags: 0
  m_IsActive: 1
--- !u!1 &1298852715414186
GameObject:
  m_ObjectHideFlags: 1
  m_PrefabParentObject: {fileID: 0}
  m_PrefabInternal: {fileID: 100100000}
  serializedVersion: 5
  m_Component:
  - component: {fileID: 4817139316509052}
  m_Layer: 0
  m_Name: L_MIDDLE_BASE_Bone007(mirrored)
  m_TagString: Untagged
  m_Icon: {fileID: 0}
  m_NavMeshLayer: 0
  m_StaticEditorFlags: 0
  m_IsActive: 1
--- !u!1 &1310304400408946
GameObject:
  m_ObjectHideFlags: 1
  m_PrefabParentObject: {fileID: 0}
  m_PrefabInternal: {fileID: 100100000}
  serializedVersion: 5
  m_Component:
  - component: {fileID: 4858263081250996}
  m_Layer: 0
  m_Name: L_SHOLDER_Bone001(mirrored)
  m_TagString: Untagged
  m_Icon: {fileID: 0}
  m_NavMeshLayer: 0
  m_StaticEditorFlags: 0
  m_IsActive: 1
--- !u!1 &1360366949960754
GameObject:
  m_ObjectHideFlags: 1
  m_PrefabParentObject: {fileID: 0}
  m_PrefabInternal: {fileID: 100100000}
  serializedVersion: 5
  m_Component:
  - component: {fileID: 4495099561133572}
  m_Layer: 0
  m_Name: L_TOE_Bone005(mirrored)
  m_TagString: Untagged
  m_Icon: {fileID: 0}
  m_NavMeshLayer: 0
  m_StaticEditorFlags: 0
  m_IsActive: 1
--- !u!1 &1362483551941354
GameObject:
  m_ObjectHideFlags: 1
  m_PrefabParentObject: {fileID: 0}
  m_PrefabInternal: {fileID: 100100000}
  serializedVersion: 5
  m_Component:
  - component: {fileID: 4327669809799182}
  m_Layer: 0
  m_Name: R_HAND003
  m_TagString: Untagged
  m_Icon: {fileID: 0}
  m_NavMeshLayer: 0
  m_StaticEditorFlags: 0
  m_IsActive: 1
--- !u!1 &1364385149227668
GameObject:
  m_ObjectHideFlags: 1
  m_PrefabParentObject: {fileID: 0}
  m_PrefabInternal: {fileID: 100100000}
  serializedVersion: 5
  m_Component:
  - component: {fileID: 4722424708369272}
  m_Layer: 0
  m_Name: L_FORARM_Bone003(mirrored)
  m_TagString: Untagged
  m_Icon: {fileID: 0}
  m_NavMeshLayer: 0
  m_StaticEditorFlags: 0
  m_IsActive: 1
--- !u!1 &1387004413915938
GameObject:
  m_ObjectHideFlags: 1
  m_PrefabParentObject: {fileID: 0}
  m_PrefabInternal: {fileID: 100100000}
  serializedVersion: 5
  m_Component:
  - component: {fileID: 4723497364146710}
  m_Layer: 0
  m_Name: L_ANKEL_connectBone001(mirrored)
  m_TagString: Untagged
  m_Icon: {fileID: 0}
  m_NavMeshLayer: 0
  m_StaticEditorFlags: 0
  m_IsActive: 1
--- !u!1 &1399468965617968
GameObject:
  m_ObjectHideFlags: 1
  m_PrefabParentObject: {fileID: 0}
  m_PrefabInternal: {fileID: 100100000}
  serializedVersion: 5
  m_Component:
  - component: {fileID: 4059128537349552}
  m_Layer: 0
  m_Name: L_THUMB_TIPBone014(mirrored)
  m_TagString: Untagged
  m_Icon: {fileID: 0}
  m_NavMeshLayer: 0
  m_StaticEditorFlags: 0
  m_IsActive: 1
--- !u!1 &1414040619338292
GameObject:
  m_ObjectHideFlags: 1
  m_PrefabParentObject: {fileID: 0}
  m_PrefabInternal: {fileID: 100100000}
  serializedVersion: 5
  m_Component:
  - component: {fileID: 4414822024985494}
  m_Layer: 0
  m_Name: R_HIP_Bone001
  m_TagString: Untagged
  m_Icon: {fileID: 0}
  m_NavMeshLayer: 0
  m_StaticEditorFlags: 0
  m_IsActive: 1
--- !u!1 &1474513090918940
GameObject:
  m_ObjectHideFlags: 1
  m_PrefabParentObject: {fileID: 0}
  m_PrefabInternal: {fileID: 100100000}
  serializedVersion: 5
  m_Component:
  - component: {fileID: 4678464099571178}
  m_Layer: 0
  m_Name: jaw
  m_TagString: Untagged
  m_Icon: {fileID: 0}
  m_NavMeshLayer: 0
  m_StaticEditorFlags: 0
  m_IsActive: 1
--- !u!1 &1475925831901860
GameObject:
  m_ObjectHideFlags: 1
  m_PrefabParentObject: {fileID: 0}
  m_PrefabInternal: {fileID: 100100000}
  serializedVersion: 5
  m_Component:
  - component: {fileID: 4142535952427688}
  m_Layer: 0
  m_Name: R_MIDDLE_BASE_Bone007
  m_TagString: Untagged
  m_Icon: {fileID: 0}
  m_NavMeshLayer: 0
  m_StaticEditorFlags: 0
  m_IsActive: 1
--- !u!1 &1483735180569276
GameObject:
  m_ObjectHideFlags: 1
  m_PrefabParentObject: {fileID: 0}
  m_PrefabInternal: {fileID: 100100000}
  serializedVersion: 5
  m_Component:
  - component: {fileID: 4083969254444364}
  m_Layer: 0
  m_Name: R_HAND002
  m_TagString: Untagged
  m_Icon: {fileID: 0}
  m_NavMeshLayer: 0
  m_StaticEditorFlags: 0
  m_IsActive: 1
--- !u!1 &1501625773590568
GameObject:
  m_ObjectHideFlags: 1
  m_PrefabParentObject: {fileID: 0}
  m_PrefabInternal: {fileID: 100100000}
  serializedVersion: 5
  m_Component:
  - component: {fileID: 4823105226284652}
  m_Layer: 0
  m_Name: SPINE_3
  m_TagString: Untagged
  m_Icon: {fileID: 0}
  m_NavMeshLayer: 0
  m_StaticEditorFlags: 0
  m_IsActive: 1
--- !u!1 &1512647704180538
GameObject:
  m_ObjectHideFlags: 1
  m_PrefabParentObject: {fileID: 0}
  m_PrefabInternal: {fileID: 100100000}
  serializedVersion: 5
  m_Component:
  - component: {fileID: 4272257839931476}
  m_Layer: 0
  m_Name: R_hand005
  m_TagString: Untagged
  m_Icon: {fileID: 0}
  m_NavMeshLayer: 0
  m_StaticEditorFlags: 0
  m_IsActive: 1
--- !u!1 &1563405270183040
GameObject:
  m_ObjectHideFlags: 1
  m_PrefabParentObject: {fileID: 0}
  m_PrefabInternal: {fileID: 100100000}
  serializedVersion: 5
  m_Component:
  - component: {fileID: 4601003553059144}
  m_Layer: 0
  m_Name: L_HAND002(mirrored)
  m_TagString: Untagged
  m_Icon: {fileID: 0}
  m_NavMeshLayer: 0
  m_StaticEditorFlags: 0
  m_IsActive: 1
--- !u!1 &1574980089366578
GameObject:
  m_ObjectHideFlags: 1
  m_PrefabParentObject: {fileID: 0}
  m_PrefabInternal: {fileID: 100100000}
  serializedVersion: 5
  m_Component:
  - component: {fileID: 4292848757505022}
  m_Layer: 0
  m_Name: R_FORARM_Bone003
  m_TagString: Untagged
  m_Icon: {fileID: 0}
  m_NavMeshLayer: 0
  m_StaticEditorFlags: 0
  m_IsActive: 1
--- !u!1 &1588003279900108
GameObject:
  m_ObjectHideFlags: 1
  m_PrefabParentObject: {fileID: 0}
  m_PrefabInternal: {fileID: 100100000}
  serializedVersion: 5
  m_Component:
  - component: {fileID: 4978222182865598}
  m_Layer: 0
  m_Name: L_PINKY_BASE_Bone004(mirrored)
  m_TagString: Untagged
  m_Icon: {fileID: 0}
  m_NavMeshLayer: 0
  m_StaticEditorFlags: 0
  m_IsActive: 1
--- !u!1 &1602036372563418
GameObject:
  m_ObjectHideFlags: 1
  m_PrefabParentObject: {fileID: 0}
  m_PrefabInternal: {fileID: 100100000}
  serializedVersion: 5
  m_Component:
  - component: {fileID: 4497765992318158}
  m_Layer: 0
  m_Name: R_FOOT_Bone004
  m_TagString: Untagged
  m_Icon: {fileID: 0}
  m_NavMeshLayer: 0
  m_StaticEditorFlags: 0
  m_IsActive: 1
--- !u!1 &1635500040936262
GameObject:
  m_ObjectHideFlags: 0
  m_PrefabParentObject: {fileID: 0}
  m_PrefabInternal: {fileID: 100100000}
  serializedVersion: 5
  m_Component:
  - component: {fileID: 4359171729821166}
  - component: {fileID: 95397354092709520}
  m_Layer: 0
  m_Name: Horsejerk_unityready
  m_TagString: Untagged
  m_Icon: {fileID: 0}
  m_NavMeshLayer: 0
  m_StaticEditorFlags: 0
  m_IsActive: 1
--- !u!1 &1657488931300182
GameObject:
  m_ObjectHideFlags: 1
  m_PrefabParentObject: {fileID: 0}
  m_PrefabInternal: {fileID: 100100000}
  serializedVersion: 5
  m_Component:
  - component: {fileID: 4065104147084664}
  m_Layer: 0
  m_Name: R_TUMB_Bone013
  m_TagString: Untagged
  m_Icon: {fileID: 0}
  m_NavMeshLayer: 0
  m_StaticEditorFlags: 0
  m_IsActive: 1
--- !u!1 &1693197972392986
GameObject:
  m_ObjectHideFlags: 1
  m_PrefabParentObject: {fileID: 0}
  m_PrefabInternal: {fileID: 100100000}
  serializedVersion: 5
  m_Component:
  - component: {fileID: 4359490107983060}
  m_Layer: 0
  m_Name: R_SHIN_Bone003
  m_TagString: Untagged
  m_Icon: {fileID: 0}
  m_NavMeshLayer: 0
  m_StaticEditorFlags: 0
  m_IsActive: 1
--- !u!1 &1702573198720640
GameObject:
  m_ObjectHideFlags: 1
  m_PrefabParentObject: {fileID: 0}
  m_PrefabInternal: {fileID: 100100000}
  serializedVersion: 5
  m_Component:
  - component: {fileID: 4117580149777960}
  m_Layer: 0
  m_Name: L_HAND001(mirrored)
  m_TagString: Untagged
  m_Icon: {fileID: 0}
  m_NavMeshLayer: 0
  m_StaticEditorFlags: 0
  m_IsActive: 1
--- !u!1 &1711432007436836
GameObject:
  m_ObjectHideFlags: 1
  m_PrefabParentObject: {fileID: 0}
  m_PrefabInternal: {fileID: 100100000}
  serializedVersion: 5
  m_Component:
  - component: {fileID: 4947755722663708}
  m_Layer: 0
  m_Name: L_HAND004(mirrored)
  m_TagString: Untagged
  m_Icon: {fileID: 0}
  m_NavMeshLayer: 0
  m_StaticEditorFlags: 0
  m_IsActive: 1
--- !u!1 &1754364963023454
GameObject:
  m_ObjectHideFlags: 1
  m_PrefabParentObject: {fileID: 0}
  m_PrefabInternal: {fileID: 100100000}
  serializedVersion: 5
  m_Component:
  - component: {fileID: 4973051758987354}
  m_Layer: 0
  m_Name: R_HAND004
  m_TagString: Untagged
  m_Icon: {fileID: 0}
  m_NavMeshLayer: 0
  m_StaticEditorFlags: 0
  m_IsActive: 1
--- !u!1 &1779250077173152
GameObject:
  m_ObjectHideFlags: 1
  m_PrefabParentObject: {fileID: 0}
  m_PrefabInternal: {fileID: 100100000}
  serializedVersion: 5
  m_Component:
  - component: {fileID: 4255919656303228}
  m_Layer: 0
  m_Name: R_SHOLDER_Bone001
  m_TagString: Untagged
  m_Icon: {fileID: 0}
  m_NavMeshLayer: 0
  m_StaticEditorFlags: 0
  m_IsActive: 1
--- !u!1 &1799783629316980
GameObject:
  m_ObjectHideFlags: 1
  m_PrefabParentObject: {fileID: 0}
  m_PrefabInternal: {fileID: 100100000}
  serializedVersion: 5
  m_Component:
  - component: {fileID: 4313340923299986}
  m_Layer: 0
  m_Name: R_UPPERARM_Bone002
  m_TagString: Untagged
  m_Icon: {fileID: 0}
  m_NavMeshLayer: 0
  m_StaticEditorFlags: 0
  m_IsActive: 1
--- !u!1 &1802526236971306
GameObject:
  m_ObjectHideFlags: 1
  m_PrefabParentObject: {fileID: 0}
  m_PrefabInternal: {fileID: 100100000}
  serializedVersion: 5
  m_Component:
  - component: {fileID: 4233274478473048}
  m_Layer: 0
  m_Name: L_PIONTER_TIP_Bone012(mirrored)
  m_TagString: Untagged
  m_Icon: {fileID: 0}
  m_NavMeshLayer: 0
  m_StaticEditorFlags: 0
  m_IsActive: 1
--- !u!1 &1809335891523270
GameObject:
  m_ObjectHideFlags: 1
  m_PrefabParentObject: {fileID: 0}
  m_PrefabInternal: {fileID: 100100000}
  serializedVersion: 5
  m_Component:
  - component: {fileID: 4506893922883000}
  - component: {fileID: 137280309317653158}
  m_Layer: 0
  m_Name: HJ_body_2
  m_TagString: Untagged
  m_Icon: {fileID: 0}
  m_NavMeshLayer: 0
  m_StaticEditorFlags: 0
  m_IsActive: 1
--- !u!1 &1828347335245240
GameObject:
  m_ObjectHideFlags: 1
  m_PrefabParentObject: {fileID: 0}
  m_PrefabInternal: {fileID: 100100000}
  serializedVersion: 5
  m_Component:
  - component: {fileID: 4902067552490080}
  m_Layer: 0
  m_Name: R_PALM
  m_TagString: Untagged
  m_Icon: {fileID: 0}
  m_NavMeshLayer: 0
  m_StaticEditorFlags: 0
  m_IsActive: 1
--- !u!1 &1831845513717402
GameObject:
  m_ObjectHideFlags: 1
  m_PrefabParentObject: {fileID: 0}
  m_PrefabInternal: {fileID: 100100000}
  serializedVersion: 5
  m_Component:
  - component: {fileID: 4868864434888010}
  m_Layer: 0
  m_Name: spine_4
  m_TagString: Untagged
  m_Icon: {fileID: 0}
  m_NavMeshLayer: 0
  m_StaticEditorFlags: 0
  m_IsActive: 1
--- !u!1 &1838407044847682
GameObject:
  m_ObjectHideFlags: 0
  m_PrefabParentObject: {fileID: 0}
  m_PrefabInternal: {fileID: 100100000}
  serializedVersion: 5
  m_Component:
  - component: {fileID: 4839719626928120}
  - component: {fileID: 33846742456915986}
  - component: {fileID: 23020182910273056}
  - component: {fileID: 114981115890259068}
  m_Layer: 0
  m_Name: RockingHorse
  m_TagString: Untagged
  m_Icon: {fileID: 0}
  m_NavMeshLayer: 0
  m_StaticEditorFlags: 0
  m_IsActive: 1
--- !u!1 &1855428257568654
GameObject:
  m_ObjectHideFlags: 1
  m_PrefabParentObject: {fileID: 0}
  m_PrefabInternal: {fileID: 100100000}
  serializedVersion: 5
  m_Component:
  - component: {fileID: 4133140901987744}
  m_Layer: 0
  m_Name: R_ANKEL_connectBone001
  m_TagString: Untagged
  m_Icon: {fileID: 0}
  m_NavMeshLayer: 0
  m_StaticEditorFlags: 0
  m_IsActive: 1
--- !u!1 &1857939408528170
GameObject:
  m_ObjectHideFlags: 1
  m_PrefabParentObject: {fileID: 0}
  m_PrefabInternal: {fileID: 100100000}
  serializedVersion: 5
  m_Component:
  - component: {fileID: 4259041080591242}
  m_Layer: 0
  m_Name: R_PINKY_MID_Bone005
  m_TagString: Untagged
  m_Icon: {fileID: 0}
  m_NavMeshLayer: 0
  m_StaticEditorFlags: 0
  m_IsActive: 1
--- !u!1 &1863953672777186
GameObject:
  m_ObjectHideFlags: 1
  m_PrefabParentObject: {fileID: 0}
  m_PrefabInternal: {fileID: 100100000}
  serializedVersion: 5
  m_Component:
  - component: {fileID: 4827042536846852}
  m_Layer: 0
  m_Name: L_PINKY_MID_Bone005(mirrored)
  m_TagString: Untagged
  m_Icon: {fileID: 0}
  m_NavMeshLayer: 0
  m_StaticEditorFlags: 0
  m_IsActive: 1
--- !u!1 &1870144784217112
GameObject:
  m_ObjectHideFlags: 1
  m_PrefabParentObject: {fileID: 0}
  m_PrefabInternal: {fileID: 100100000}
  serializedVersion: 5
  m_Component:
  - component: {fileID: 4809266637994660}
  m_Layer: 0
  m_Name: L_PINKY_TIP_Bone006(mirrored)
  m_TagString: Untagged
  m_Icon: {fileID: 0}
  m_NavMeshLayer: 0
  m_StaticEditorFlags: 0
  m_IsActive: 1
--- !u!1 &1907694167013644
GameObject:
  m_ObjectHideFlags: 1
  m_PrefabParentObject: {fileID: 0}
  m_PrefabInternal: {fileID: 100100000}
  serializedVersion: 5
  m_Component:
  - component: {fileID: 4342123247279010}
  m_Layer: 0
  m_Name: R_PINKY_BASE_Bone004
  m_TagString: Untagged
  m_Icon: {fileID: 0}
  m_NavMeshLayer: 0
  m_StaticEditorFlags: 0
  m_IsActive: 1
--- !u!1 &1938794155583166
GameObject:
  m_ObjectHideFlags: 1
  m_PrefabParentObject: {fileID: 0}
  m_PrefabInternal: {fileID: 100100000}
  serializedVersion: 5
  m_Component:
  - component: {fileID: 4390921829073394}
  m_Layer: 0
  m_Name: L_SHIN_Bone003(mirrored)
  m_TagString: Untagged
  m_Icon: {fileID: 0}
  m_NavMeshLayer: 0
  m_StaticEditorFlags: 0
  m_IsActive: 1
--- !u!1 &1942368737319530
GameObject:
  m_ObjectHideFlags: 1
  m_PrefabParentObject: {fileID: 0}
  m_PrefabInternal: {fileID: 100100000}
  serializedVersion: 5
  m_Component:
  - component: {fileID: 4869057189976324}
  m_Layer: 0
  m_Name: L_PIONTER_MID_Bone011(mirrored)
  m_TagString: Untagged
  m_Icon: {fileID: 0}
  m_NavMeshLayer: 0
  m_StaticEditorFlags: 0
  m_IsActive: 1
--- !u!1 &1948578334678698
GameObject:
  m_ObjectHideFlags: 0
  m_PrefabParentObject: {fileID: 0}
  m_PrefabInternal: {fileID: 100100000}
  serializedVersion: 5
  m_Component:
  - component: {fileID: 4209347721420106}
  - component: {fileID: 95756746179512874}
  m_Layer: 0
  m_Name: RockinghorsePivot
  m_TagString: Untagged
  m_Icon: {fileID: 0}
  m_NavMeshLayer: 0
  m_StaticEditorFlags: 0
  m_IsActive: 1
--- !u!1 &1948923744941782
GameObject:
  m_ObjectHideFlags: 1
  m_PrefabParentObject: {fileID: 0}
  m_PrefabInternal: {fileID: 100100000}
  serializedVersion: 5
  m_Component:
  - component: {fileID: 4869616770753966}
  m_Layer: 0
  m_Name: R_PIONTER_BASE_Bone010
  m_TagString: Untagged
  m_Icon: {fileID: 0}
  m_NavMeshLayer: 0
  m_StaticEditorFlags: 0
  m_IsActive: 1
--- !u!1 &1952265781605778
GameObject:
  m_ObjectHideFlags: 1
  m_PrefabParentObject: {fileID: 0}
  m_PrefabInternal: {fileID: 100100000}
  serializedVersion: 5
  m_Component:
  - component: {fileID: 4886337768178800}
  m_Layer: 0
  m_Name: L_PALM(mirrored)
  m_TagString: Untagged
  m_Icon: {fileID: 0}
  m_NavMeshLayer: 0
  m_StaticEditorFlags: 0
  m_IsActive: 1
--- !u!1 &1956695804793952
GameObject:
  m_ObjectHideFlags: 1
  m_PrefabParentObject: {fileID: 0}
  m_PrefabInternal: {fileID: 100100000}
  serializedVersion: 5
  m_Component:
  - component: {fileID: 4245479273195108}
  m_Layer: 0
  m_Name: L_UPPERARM_Bone002(mirrored)
  m_TagString: Untagged
  m_Icon: {fileID: 0}
  m_NavMeshLayer: 0
  m_StaticEditorFlags: 0
  m_IsActive: 1
--- !u!1 &1992110828466870
GameObject:
  m_ObjectHideFlags: 1
  m_PrefabParentObject: {fileID: 0}
  m_PrefabInternal: {fileID: 100100000}
  serializedVersion: 5
  m_Component:
  - component: {fileID: 4833197640679936}
  m_Layer: 0
  m_Name: L_HAND003(mirrored)
  m_TagString: Untagged
  m_Icon: {fileID: 0}
  m_NavMeshLayer: 0
  m_StaticEditorFlags: 0
  m_IsActive: 1
--- !u!4 &4059128537349552
Transform:
  m_ObjectHideFlags: 1
  m_PrefabParentObject: {fileID: 0}
  m_PrefabInternal: {fileID: 100100000}
  m_GameObject: {fileID: 1399468965617968}
  m_LocalRotation: {x: 0.035543095, y: 0.34016824, z: -0.09764195, w: 0.93460596}
  m_LocalPosition: {x: -0.20867737, y: -0.0000010681152, z: -0.0000012207031}
  m_LocalScale: {x: 1.0000002, y: 0.99999994, z: 1.0000004}
  m_Children: []
  m_Father: {fileID: 4788215152170536}
  m_RootOrder: 0
  m_LocalEulerAnglesHint: {x: 0, y: 0, z: 0}
--- !u!4 &4065104147084664
Transform:
  m_ObjectHideFlags: 1
  m_PrefabParentObject: {fileID: 0}
  m_PrefabInternal: {fileID: 100100000}
  m_GameObject: {fileID: 1657488931300182}
  m_LocalRotation: {x: -0.26672164, y: -0.2894584, z: -0.3003525, w: 0.8688278}
  m_LocalPosition: {x: -0.14929412, y: 0.000000076293944, z: 0}
  m_LocalScale: {x: 0.9999998, y: 0.9999998, z: 1}
  m_Children:
  - {fileID: 4742212865307596}
  m_Father: {fileID: 4272257839931476}
  m_RootOrder: 0
  m_LocalEulerAnglesHint: {x: 0, y: 0, z: 0}
--- !u!4 &4072056596929274
Transform:
  m_ObjectHideFlags: 1
  m_PrefabParentObject: {fileID: 0}
  m_PrefabInternal: {fileID: 100100000}
  m_GameObject: {fileID: 1196061719442836}
  m_LocalRotation: {x: 7.1544515e-12, y: -8.406173e-14, z: 0.33703625, w: 0.9414917}
  m_LocalPosition: {x: -0.7225991, y: 0, z: 1.0804797e-11}
  m_LocalScale: {x: 0.9999999, y: 0.9999999, z: 1}
  m_Children:
  - {fileID: 4796474292137770}
  m_Father: {fileID: 4868864434888010}
  m_RootOrder: 2
  m_LocalEulerAnglesHint: {x: 0, y: 0, z: 0}
--- !u!4 &4083969254444364
Transform:
  m_ObjectHideFlags: 1
  m_PrefabParentObject: {fileID: 0}
  m_PrefabInternal: {fileID: 100100000}
  m_GameObject: {fileID: 1483735180569276}
  m_LocalRotation: {x: -0.009295504, y: -0.041053135, z: 0.2549781, w: 0.96603024}
  m_LocalPosition: {x: -0.17909637, y: -0.000000076293944, z: -0.00000030517577}
  m_LocalScale: {x: 1, y: 1, z: 1}
  m_Children:
  - {fileID: 4342123247279010}
  m_Father: {fileID: 4902067552490080}
  m_RootOrder: 0
  m_LocalEulerAnglesHint: {x: 0, y: 0, z: 0}
--- !u!4 &4104236677804630
Transform:
  m_ObjectHideFlags: 1
  m_PrefabParentObject: {fileID: 0}
  m_PrefabInternal: {fileID: 100100000}
  m_GameObject: {fileID: 1243030047582322}
  m_LocalRotation: {x: 0.66998214, y: -0.0959073, z: 0.04742439, w: 0.7346269}
  m_LocalPosition: {x: -0.3648449, y: 0.00000015258789, z: 0}
  m_LocalScale: {x: 1.0000001, y: 1.0000001, z: 1}
  m_Children: []
  m_Father: {fileID: 4497765992318158}
  m_RootOrder: 0
  m_LocalEulerAnglesHint: {x: 0, y: 0, z: 0}
--- !u!4 &4117580149777960
Transform:
  m_ObjectHideFlags: 1
  m_PrefabParentObject: {fileID: 0}
  m_PrefabInternal: {fileID: 100100000}
  m_GameObject: {fileID: 1702573198720640}
  m_LocalRotation: {x: 0.58404034, y: 0.05476579, z: -0.12130232, w: 0.8007392}
  m_LocalPosition: {x: -1.9156451, y: 0, z: -0.0000009155273}
  m_LocalScale: {x: 1, y: 0.9999996, z: 1}
  m_Children:
  - {fileID: 4886337768178800}
  m_Father: {fileID: 4722424708369272}
  m_RootOrder: 0
  m_LocalEulerAnglesHint: {x: 0, y: 0, z: 0}
--- !u!4 &4124630457320098
Transform:
  m_ObjectHideFlags: 1
  m_PrefabParentObject: {fileID: 0}
  m_PrefabInternal: {fileID: 100100000}
  m_GameObject: {fileID: 1245234669612688}
  m_LocalRotation: {x: 0.020828756, y: -0.3078947, z: 0.28638253, w: 0.9070568}
  m_LocalPosition: {x: -0.17909698, y: -0.00000015258789, z: -0.0000009155273}
  m_LocalScale: {x: 0.99999976, y: 1, z: 0.99999994}
  m_Children:
  - {fileID: 4788215152170536}
  m_Father: {fileID: 4886337768178800}
  m_RootOrder: 3
  m_LocalEulerAnglesHint: {x: 0, y: 0, z: 0}
--- !u!4 &4133140901987744
Transform:
  m_ObjectHideFlags: 1
  m_PrefabParentObject: {fileID: 0}
  m_PrefabInternal: {fileID: 100100000}
  m_GameObject: {fileID: 1855428257568654}
  m_LocalRotation: {x: -0.018522445, y: 0.09425281, z: -0.006971076, w: 0.99535155}
  m_LocalPosition: {x: -1.9912046, y: -0.000000076293944, z: -0.00000015258789}
  m_LocalScale: {x: 0.9999998, y: 0.9999999, z: 1.0000001}
  m_Children:
  - {fileID: 4497765992318158}
  m_Father: {fileID: 4359490107983060}
  m_RootOrder: 0
  m_LocalEulerAnglesHint: {x: 0, y: 0, z: 0}
--- !u!4 &4142535952427688
Transform:
  m_ObjectHideFlags: 1
  m_PrefabParentObject: {fileID: 0}
  m_PrefabInternal: {fileID: 100100000}
  m_GameObject: {fileID: 1475925831901860}
  m_LocalRotation: {x: -0.014140771, y: -0.79079807, z: 0.018755069, w: 0.6116263}
  m_LocalPosition: {x: -0.34397277, y: 0, z: 0}
  m_LocalScale: {x: 0.99999976, y: 0.99999976, z: 1}
  m_Children:
  - {fileID: 4419488677903632}
  m_Father: {fileID: 4327669809799182}
  m_RootOrder: 0
  m_LocalEulerAnglesHint: {x: 0, y: 0, z: 0}
--- !u!4 &4209347721420106
Transform:
  m_ObjectHideFlags: 1
  m_PrefabParentObject: {fileID: 0}
  m_PrefabInternal: {fileID: 100100000}
  m_GameObject: {fileID: 1948578334678698}
  m_LocalRotation: {x: -0.0017963524, y: 0.27160338, z: -0.0063651833, w: 0.96238655}
  m_LocalPosition: {x: -16.87, y: 0.4, z: -0.34}
  m_LocalScale: {x: 1, y: 1, z: 1}
  m_Children:
  - {fileID: 4839719626928120}
  - {fileID: 4359171729821166}
  m_Father: {fileID: 0}
  m_RootOrder: 0
  m_LocalEulerAnglesHint: {x: 0, y: 31.520002, z: -0.758}
--- !u!4 &4233274478473048
Transform:
  m_ObjectHideFlags: 1
  m_PrefabParentObject: {fileID: 0}
  m_PrefabInternal: {fileID: 100100000}
  m_GameObject: {fileID: 1802526236971306}
  m_LocalRotation: {x: 0.1135407, y: -0.14887324, z: -0.0526321, w: 0.9809053}
  m_LocalPosition: {x: -0.23205535, y: 0.000000038146972, z: -0.00000045776366}
  m_LocalScale: {x: 1.0000001, y: 0.9999999, z: 0.99999994}
  m_Children: []
  m_Father: {fileID: 4869057189976324}
  m_RootOrder: 0
  m_LocalEulerAnglesHint: {x: 0, y: 0, z: 0}
--- !u!4 &4237401728608222
Transform:
  m_ObjectHideFlags: 1
  m_PrefabParentObject: {fileID: 0}
  m_PrefabInternal: {fileID: 100100000}
  m_GameObject: {fileID: 1236931450543118}
  m_LocalRotation: {x: 0.020047085, y: -0.51192147, z: 0.03536513, w: 0.85806984}
  m_LocalPosition: {x: -0.21370666, y: 0.00000030517577, z: 0.00000061035155}
  m_LocalScale: {x: 1, y: 0.9999999, z: 1}
  m_Children: []
  m_Father: {fileID: 4528610975278468}
  m_RootOrder: 0
  m_LocalEulerAnglesHint: {x: 0, y: 0, z: 0}
--- !u!4 &4245479273195108
Transform:
  m_ObjectHideFlags: 1
  m_PrefabParentObject: {fileID: 0}
  m_PrefabInternal: {fileID: 100100000}
  m_GameObject: {fileID: 1956695804793952}
  m_LocalRotation: {x: 0.06224068, y: -0.34967536, z: -0.16181394, w: 0.9206897}
  m_LocalPosition: {x: -1.032521, y: 0, z: 0.00000061035155}
  m_LocalScale: {x: 0.9999999, y: 0.9999998, z: 0.9999999}
  m_Children:
  - {fileID: 4722424708369272}
  m_Father: {fileID: 4858263081250996}
  m_RootOrder: 0
  m_LocalEulerAnglesHint: {x: 0, y: 0, z: 0}
--- !u!4 &4255919656303228
Transform:
  m_ObjectHideFlags: 1
  m_PrefabParentObject: {fileID: 0}
  m_PrefabInternal: {fileID: 100100000}
  m_GameObject: {fileID: 1779250077173152}
  m_LocalRotation: {x: -0.3259064, y: 0.4363321, z: 0.7569891, w: 0.36106342}
  m_LocalPosition: {x: -0.61262137, y: -0.23861144, z: 0.25744137}
  m_LocalScale: {x: 1, y: 1, z: 1}
  m_Children:
  - {fileID: 4313340923299986}
  m_Father: {fileID: 4868864434888010}
  m_RootOrder: 1
  m_LocalEulerAnglesHint: {x: 0, y: 0, z: 0}
--- !u!4 &4259041080591242
Transform:
  m_ObjectHideFlags: 1
  m_PrefabParentObject: {fileID: 0}
  m_PrefabInternal: {fileID: 100100000}
  m_GameObject: {fileID: 1857939408528170}
  m_LocalRotation: {x: 0.047233585, y: -0.5046955, z: -0.056809336, w: 0.8601303}
  m_LocalPosition: {x: -0.24289794, y: 0.000000038146972, z: -0.00000015258789}
  m_LocalScale: {x: 1, y: 1, z: 1}
  m_Children:
  - {fileID: 4617769844829122}
  m_Father: {fileID: 4342123247279010}
  m_RootOrder: 0
  m_LocalEulerAnglesHint: {x: 0, y: 0, z: 0}
--- !u!4 &4272257839931476
Transform:
  m_ObjectHideFlags: 1
  m_PrefabParentObject: {fileID: 0}
  m_PrefabInternal: {fileID: 100100000}
  m_GameObject: {fileID: 1512647704180538}
  m_LocalRotation: {x: -0.020828756, y: -0.30789474, z: -0.28638214, w: 0.9070569}
  m_LocalPosition: {x: -0.17909637, y: 0, z: -0.00000030517577}
  m_LocalScale: {x: 1.0000001, y: 1.0000001, z: 1}
  m_Children:
  - {fileID: 4065104147084664}
  m_Father: {fileID: 4902067552490080}
  m_RootOrder: 3
  m_LocalEulerAnglesHint: {x: 0, y: 0, z: 0}
--- !u!4 &4292848757505022
Transform:
  m_ObjectHideFlags: 1
  m_PrefabParentObject: {fileID: 0}
  m_PrefabInternal: {fileID: 100100000}
  m_GameObject: {fileID: 1574980089366578}
  m_LocalRotation: {x: 0.18773605, y: 0.13292228, z: 0.92630017, w: -0.2984208}
  m_LocalPosition: {x: -2.0936913, y: -0.0000076293945, z: 0}
  m_LocalScale: {x: 1.0000002, y: 1.0000001, z: 1}
  m_Children:
  - {fileID: 4361226736828320}
  m_Father: {fileID: 4313340923299986}
  m_RootOrder: 0
  m_LocalEulerAnglesHint: {x: 0, y: 0, z: 0}
--- !u!4 &4313340923299986
Transform:
  m_ObjectHideFlags: 1
  m_PrefabParentObject: {fileID: 0}
  m_PrefabInternal: {fileID: 100100000}
  m_GameObject: {fileID: 1799783629316980}
  m_LocalRotation: {x: -0.17228766, y: -0.34128463, z: -0.0631188, w: 0.9218773}
  m_LocalPosition: {x: -1.0325215, y: 0.000000076293944, z: -0.0000012207031}
  m_LocalScale: {x: 0.99999994, y: 0.99999994, z: 1}
  m_Children:
  - {fileID: 4292848757505022}
  m_Father: {fileID: 4255919656303228}
  m_RootOrder: 0
  m_LocalEulerAnglesHint: {x: 0, y: 0, z: 0}
--- !u!4 &4327669809799182
Transform:
  m_ObjectHideFlags: 1
  m_PrefabParentObject: {fileID: 0}
  m_PrefabInternal: {fileID: 100100000}
  m_GameObject: {fileID: 1362483551941354}
  m_LocalRotation: {x: -0.15960614, y: -0.15264143, z: 0.09232174, w: 0.970929}
  m_LocalPosition: {x: -0.17909637, y: 0, z: -0.00000030517577}
  m_LocalScale: {x: 1.0000001, y: 1.0000001, z: 1}
  m_Children:
  - {fileID: 4142535952427688}
  m_Father: {fileID: 4902067552490080}
  m_RootOrder: 1
  m_LocalEulerAnglesHint: {x: 0, y: 0, z: 0}
--- !u!4 &4342123247279010
Transform:
  m_ObjectHideFlags: 1
  m_PrefabParentObject: {fileID: 0}
  m_PrefabInternal: {fileID: 100100000}
  m_GameObject: {fileID: 1907694167013644}
  m_LocalRotation: {x: -0.24962224, y: -0.8247329, z: 0.06805894, w: 0.5028643}
  m_LocalPosition: {x: -0.35629824, y: -0.00000030517577, z: 0}
  m_LocalScale: {x: 1, y: 1, z: 1}
  m_Children:
  - {fileID: 4259041080591242}
  m_Father: {fileID: 4083969254444364}
  m_RootOrder: 0
  m_LocalEulerAnglesHint: {x: 0, y: 0, z: 0}
--- !u!4 &4342666409728972
Transform:
  m_ObjectHideFlags: 1
  m_PrefabParentObject: {fileID: 0}
  m_PrefabInternal: {fileID: 100100000}
  m_GameObject: {fileID: 1196376527168274}
  m_LocalRotation: {x: -0.48577464, y: 0.51383173, z: -0.4857746, w: 0.5138317}
  m_LocalPosition: {x: -0.000000007673766, y: 3.067115, z: -0.6398507}
  m_LocalScale: {x: 1, y: 1, z: 1}
  m_Children:
  - {fileID: 4781678301074208}
  m_Father: {fileID: 4359171729821166}
  m_RootOrder: 0
  m_LocalEulerAnglesHint: {x: 0, y: 0, z: 0}
--- !u!4 &4359171729821166
Transform:
  m_ObjectHideFlags: 1
  m_PrefabParentObject: {fileID: 0}
  m_PrefabInternal: {fileID: 100100000}
  m_GameObject: {fileID: 1635500040936262}
  m_LocalRotation: {x: -0.004614236, y: 0.6976498, z: 0.004738277, w: 0.71640843}
  m_LocalPosition: {x: 0.16302226, y: -0.40587917, z: -0.16139999}
  m_LocalScale: {x: 0.77608544, y: 0.7760853, z: 0.7760854}
  m_Children:
  - {fileID: 4342666409728972}
  - {fileID: 4506893922883000}
  m_Father: {fileID: 4209347721420106}
  m_RootOrder: 1
  m_LocalEulerAnglesHint: {x: 0, y: 120.00001, z: 0}
--- !u!4 &4359490107983060
Transform:
  m_ObjectHideFlags: 1
  m_PrefabParentObject: {fileID: 0}
  m_PrefabInternal: {fileID: 100100000}
  m_GameObject: {fileID: 1693197972392986}
  m_LocalRotation: {x: -0.019637026, y: -0.8239088, z: -0.013495296, w: 0.5662213}
  m_LocalPosition: {x: -2.295039, y: 0.000017623901, z: 0.00000030517577}
  m_LocalScale: {x: 1.0000001, y: 1.0000001, z: 1}
  m_Children:
  - {fileID: 4133140901987744}
  m_Father: {fileID: 4764330297615346}
  m_RootOrder: 0
  m_LocalEulerAnglesHint: {x: 0, y: 0, z: 0}
--- !u!4 &4361226736828320
Transform:
  m_ObjectHideFlags: 1
  m_PrefabParentObject: {fileID: 0}
  m_PrefabInternal: {fileID: 100100000}
  m_GameObject: {fileID: 1114915059333264}
  m_LocalRotation: {x: -0.31213313, y: 0.0704862, z: 0.2587619, w: 0.9113983}
  m_LocalPosition: {x: -1.9156445, y: 0, z: 0}
  m_LocalScale: {x: 0.9999999, y: 1, z: 1}
  m_Children:
  - {fileID: 4902067552490080}
  m_Father: {fileID: 4292848757505022}
  m_RootOrder: 0
  m_LocalEulerAnglesHint: {x: 0, y: 0, z: 0}
--- !u!4 &4390921829073394
Transform:
  m_ObjectHideFlags: 1
  m_PrefabParentObject: {fileID: 0}
  m_PrefabInternal: {fileID: 100100000}
  m_GameObject: {fileID: 1938794155583166}
  m_LocalRotation: {x: 0.019029839, y: -0.7984264, z: 0.014339229, w: 0.6016208}
  m_LocalPosition: {x: -2.2950385, y: -0.000017547607, z: 0}
  m_LocalScale: {x: 0.9999998, y: 1, z: 1}
  m_Children:
  - {fileID: 4723497364146710}
  m_Father: {fileID: 4570698174991874}
  m_RootOrder: 0
  m_LocalEulerAnglesHint: {x: 0, y: 0, z: 0}
--- !u!4 &4414822024985494
Transform:
  m_ObjectHideFlags: 1
  m_PrefabParentObject: {fileID: 0}
  m_PrefabInternal: {fileID: 100100000}
  m_GameObject: {fileID: 1414040619338292}
  m_LocalRotation: {x: -0.5707923, y: -0.41736782, z: 0.7040917, w: 0.06523175}
  m_LocalPosition: {x: -0.013849792, y: 0.05346489, z: 0.3334784}
  m_LocalScale: {x: 1, y: 1, z: 0.99999994}
  m_Children:
  - {fileID: 4764330297615346}
  m_Father: {fileID: 4781678301074208}
  m_RootOrder: 1
  m_LocalEulerAnglesHint: {x: 0, y: 0, z: 0}
--- !u!4 &4416504577236158
Transform:
  m_ObjectHideFlags: 1
  m_PrefabParentObject: {fileID: 0}
  m_PrefabInternal: {fileID: 100100000}
  m_GameObject: {fileID: 1005116463149318}
  m_LocalRotation: {x: -0.012863779, y: 0.47185716, z: 0.00037928976, w: 0.88158107}
  m_LocalPosition: {x: -0.25466964, y: -0.00000015258789, z: 0}
  m_LocalScale: {x: 1.0000001, y: 0.99999994, z: 1.0000001}
  m_Children:
  - {fileID: 4495099561133572}
  m_Father: {fileID: 4723497364146710}
  m_RootOrder: 0
  m_LocalEulerAnglesHint: {x: 0, y: 0, z: 0}
--- !u!4 &4419488677903632
Transform:
  m_ObjectHideFlags: 1
  m_PrefabParentObject: {fileID: 0}
  m_PrefabInternal: {fileID: 100100000}
  m_GameObject: {fileID: 1032459806358318}
  m_LocalRotation: {x: -0.015432003, y: -0.52958626, z: -0.0052846093, w: 0.84809923}
  m_LocalPosition: {x: -0.24833862, y: 0, z: 0.000000076293944}
  m_LocalScale: {x: 1, y: 1, z: 1}
  m_Children:
  - {fileID: 4631529683719778}
  m_Father: {fileID: 4142535952427688}
  m_RootOrder: 0
  m_LocalEulerAnglesHint: {x: 0, y: 0, z: 0}
--- !u!4 &4495099561133572
Transform:
  m_ObjectHideFlags: 1
  m_PrefabParentObject: {fileID: 0}
  m_PrefabInternal: {fileID: 100100000}
  m_GameObject: {fileID: 1360366949960754}
  m_LocalRotation: {x: -0.665161, y: -0.12504044, z: -0.07942335, w: 0.731859}
  m_LocalPosition: {x: -0.36484495, y: -0.00000030517577, z: -0.00000015258789}
  m_LocalScale: {x: 0.9999995, y: 1, z: 1.0000001}
  m_Children: []
  m_Father: {fileID: 4416504577236158}
  m_RootOrder: 0
  m_LocalEulerAnglesHint: {x: 0, y: 0, z: 0}
--- !u!4 &4497765992318158
Transform:
  m_ObjectHideFlags: 1
  m_PrefabParentObject: {fileID: 0}
  m_PrefabInternal: {fileID: 100100000}
  m_GameObject: {fileID: 1602036372563418}
  m_LocalRotation: {x: 0.012864139, y: 0.47185692, z: -0.00037872375, w: 0.88158125}
  m_LocalPosition: {x: -0.25466934, y: 0.000000076293944, z: -0.00000015258789}
  m_LocalScale: {x: 0.9999999, y: 0.9999999, z: 1.0000001}
  m_Children:
  - {fileID: 4104236677804630}
  m_Father: {fileID: 4133140901987744}
  m_RootOrder: 0
  m_LocalEulerAnglesHint: {x: 0, y: 0, z: 0}
--- !u!4 &4506893922883000
Transform:
  m_ObjectHideFlags: 1
  m_PrefabParentObject: {fileID: 0}
  m_PrefabInternal: {fileID: 100100000}
  m_GameObject: {fileID: 1809335891523270}
  m_LocalRotation: {x: -0.7071068, y: 0, z: -0, w: 0.7071068}
  m_LocalPosition: {x: -0, y: 0, z: 0}
  m_LocalScale: {x: 1, y: 1, z: 1}
  m_Children: []
  m_Father: {fileID: 4359171729821166}
  m_RootOrder: 1
  m_LocalEulerAnglesHint: {x: 0, y: 0, z: 0}
--- !u!4 &4528610975278468
Transform:
  m_ObjectHideFlags: 1
  m_PrefabParentObject: {fileID: 0}
  m_PrefabInternal: {fileID: 100100000}
  m_GameObject: {fileID: 1028946675843876}
  m_LocalRotation: {x: 0.016461687, y: -0.7187637, z: 0.031876296, w: 0.6943282}
  m_LocalPosition: {x: -0.24833862, y: -0.00000015258789, z: -0.00000030517577}
  m_LocalScale: {x: 0.9999998, y: 0.9999999, z: 1}
  m_Children:
  - {fileID: 4237401728608222}
  m_Father: {fileID: 4817139316509052}
  m_RootOrder: 0
  m_LocalEulerAnglesHint: {x: 0, y: 0, z: 0}
--- !u!4 &4570698174991874
Transform:
  m_ObjectHideFlags: 1
  m_PrefabParentObject: {fileID: 0}
  m_PrefabInternal: {fileID: 100100000}
  m_GameObject: {fileID: 1207996842507008}
  m_LocalRotation: {x: -0.18111554, y: 0.38184202, z: 0.3563975, w: 0.8332915}
  m_LocalPosition: {x: -0.51008564, y: 0, z: 0.00000015258789}
  m_LocalScale: {x: 1.0000001, y: 0.99999994, z: 1}
  m_Children:
  - {fileID: 4390921829073394}
  m_Father: {fileID: 4776700822733072}
  m_RootOrder: 0
  m_LocalEulerAnglesHint: {x: 0, y: 0, z: 0}
--- !u!4 &4601003553059144
Transform:
  m_ObjectHideFlags: 1
  m_PrefabParentObject: {fileID: 0}
  m_PrefabInternal: {fileID: 100100000}
  m_GameObject: {fileID: 1563405270183040}
  m_LocalRotation: {x: 0.042497296, y: 0.08539019, z: -0.25158343, w: 0.9631243}
  m_LocalPosition: {x: -0.17909698, y: -0.00000015258789, z: -0.0000009155273}
  m_LocalScale: {x: 0.9999999, y: 0.9999998, z: 1}
  m_Children:
  - {fileID: 4978222182865598}
  m_Father: {fileID: 4886337768178800}
  m_RootOrder: 0
  m_LocalEulerAnglesHint: {x: 0, y: 0, z: 0}
--- !u!4 &4617769844829122
Transform:
  m_ObjectHideFlags: 1
  m_PrefabParentObject: {fileID: 0}
  m_PrefabInternal: {fileID: 100100000}
  m_GameObject: {fileID: 1268085829102656}
  m_LocalRotation: {x: -0.0011156539, y: -0.35000408, z: -0.0034348932, w: 0.93674123}
  m_LocalPosition: {x: -0.23238593, y: -0.000000038146972, z: 0}
  m_LocalScale: {x: 1, y: 1, z: 1}
  m_Children: []
  m_Father: {fileID: 4259041080591242}
  m_RootOrder: 0
  m_LocalEulerAnglesHint: {x: 0, y: 0, z: 0}
--- !u!4 &4631529683719778
Transform:
  m_ObjectHideFlags: 1
  m_PrefabParentObject: {fileID: 0}
  m_PrefabInternal: {fileID: 100100000}
  m_GameObject: {fileID: 1080615736035408}
  m_LocalRotation: {x: -0.011496391, y: -0.31408447, z: -0.039571572, w: 0.94850034}
  m_LocalPosition: {x: -0.21370643, y: 0, z: 0.00000030517577}
  m_LocalScale: {x: 1.0000001, y: 1.0000001, z: 1}
  m_Children: []
  m_Father: {fileID: 4419488677903632}
  m_RootOrder: 0
  m_LocalEulerAnglesHint: {x: 0, y: 0, z: 0}
--- !u!4 &4649342825727760
Transform:
  m_ObjectHideFlags: 1
  m_PrefabParentObject: {fileID: 0}
  m_PrefabInternal: {fileID: 100100000}
  m_GameObject: {fileID: 1281150970890512}
  m_LocalRotation: {x: -0.0000002852763, y: 0.0000000112007115, z: 0.11421904, w: 0.9934556}
  m_LocalPosition: {x: -0.8064364, y: -0.0000070190426, z: -0.00000009721688}
  m_LocalScale: {x: 1, y: 1, z: 1}
  m_Children:
  - {fileID: 4823105226284652}
  m_Father: {fileID: 4781678301074208}
  m_RootOrder: 2
  m_LocalEulerAnglesHint: {x: 0, y: 0, z: 0}
--- !u!4 &4663298703077224
Transform:
  m_ObjectHideFlags: 1
  m_PrefabParentObject: {fileID: 0}
  m_PrefabInternal: {fileID: 100100000}
  m_GameObject: {fileID: 1271586014407898}
  m_LocalRotation: {x: -0.13402176, y: -0.4952646, z: -0.276208, w: 0.81268716}
  m_LocalPosition: {x: -0.2469522, y: -0.00000057220456, z: 0.000000038146972}
  m_LocalScale: {x: 1, y: 1, z: 1}
  m_Children:
  - {fileID: 4973225290423768}
  m_Father: {fileID: 4869616770753966}
  m_RootOrder: 0
  m_LocalEulerAnglesHint: {x: 0, y: 0, z: 0}
--- !u!4 &4672233611824730
Transform:
  m_ObjectHideFlags: 1
  m_PrefabParentObject: {fileID: 0}
  m_PrefabInternal: {fileID: 100100000}
  m_GameObject: {fileID: 1276864819110930}
  m_LocalRotation: {x: 0.24202739, y: -0.27959198, z: -0.15818559, w: 0.91554815}
  m_LocalPosition: {x: -0.36178488, y: 0.00000030517577, z: 0.00000061035155}
  m_LocalScale: {x: 1.0000001, y: 0.9999998, z: 1}
  m_Children:
  - {fileID: 4869057189976324}
  m_Father: {fileID: 4947755722663708}
  m_RootOrder: 0
  m_LocalEulerAnglesHint: {x: 0, y: 0, z: 0}
--- !u!4 &4678464099571178
Transform:
  m_ObjectHideFlags: 1
  m_PrefabParentObject: {fileID: 0}
  m_PrefabInternal: {fileID: 100100000}
  m_GameObject: {fileID: 1474513090918940}
  m_LocalRotation: {x: 0.000000032545337, y: 0.000000052556363, z: 0.22889945, w: 0.97345006}
  m_LocalPosition: {x: 0.117842406, y: -0.15231262, z: -3.6379787e-14}
  m_LocalScale: {x: 0.99999976, y: 0.99999976, z: 1}
  m_Children: []
  m_Father: {fileID: 4796474292137770}
  m_RootOrder: 0
  m_LocalEulerAnglesHint: {x: 0, y: 0, z: 0}
--- !u!4 &4722424708369272
Transform:
  m_ObjectHideFlags: 1
  m_PrefabParentObject: {fileID: 0}
  m_PrefabInternal: {fileID: 100100000}
  m_GameObject: {fileID: 1364385149227668}
  m_LocalRotation: {x: 0.14320141, y: -0.44830272, z: 0.8236963, w: 0.31629482}
  m_LocalPosition: {x: -2.0936935, y: 0.000008087158, z: 0.00000030517577}
  m_LocalScale: {x: 1.0000002, y: 1.0000005, z: 1.0000001}
  m_Children:
  - {fileID: 4117580149777960}
  m_Father: {fileID: 4245479273195108}
  m_RootOrder: 0
  m_LocalEulerAnglesHint: {x: 0, y: 0, z: 0}
--- !u!4 &4723497364146710
Transform:
  m_ObjectHideFlags: 1
  m_PrefabParentObject: {fileID: 0}
  m_PrefabInternal: {fileID: 100100000}
  m_GameObject: {fileID: 1387004413915938}
  m_LocalRotation: {x: 0.018521525, y: 0.09425282, z: 0.0069709346, w: 0.9953516}
  m_LocalPosition: {x: -1.9912046, y: 0.00000015258789, z: 0.00000030517577}
  m_LocalScale: {x: 0.99999994, y: 0.99999994, z: 1.0000001}
  m_Children:
  - {fileID: 4416504577236158}
  m_Father: {fileID: 4390921829073394}
  m_RootOrder: 0
  m_LocalEulerAnglesHint: {x: 0, y: 0, z: 0}
--- !u!4 &4742212865307596
Transform:
  m_ObjectHideFlags: 1
  m_PrefabParentObject: {fileID: 0}
  m_PrefabInternal: {fileID: 100100000}
  m_GameObject: {fileID: 1037775709584030}
  m_LocalRotation: {x: 0.016763823, y: -0.16814487, z: 0.23592047, w: 0.95696807}
  m_LocalPosition: {x: -0.20867737, y: 0.000001335144, z: -0.00000030517577}
  m_LocalScale: {x: 1, y: 1, z: 1}
  m_Children: []
  m_Father: {fileID: 4065104147084664}
  m_RootOrder: 0
  m_LocalEulerAnglesHint: {x: 0, y: 0, z: 0}
--- !u!4 &4764330297615346
Transform:
  m_ObjectHideFlags: 1
  m_PrefabParentObject: {fileID: 0}
  m_PrefabInternal: {fileID: 100100000}
  m_GameObject: {fileID: 1150466018405426}
  m_LocalRotation: {x: 0.18111545, y: 0.38184232, z: -0.35639778, w: 0.8332913}
  m_LocalPosition: {x: -0.51008576, y: 0.00000030517577, z: -0.00000015258789}
  m_LocalScale: {x: 1, y: 1, z: 1}
  m_Children:
  - {fileID: 4359490107983060}
  m_Father: {fileID: 4414822024985494}
  m_RootOrder: 0
  m_LocalEulerAnglesHint: {x: 0, y: 0, z: 0}
--- !u!4 &4776700822733072
Transform:
  m_ObjectHideFlags: 1
  m_PrefabParentObject: {fileID: 0}
  m_PrefabInternal: {fileID: 100100000}
  m_GameObject: {fileID: 1126767633692866}
  m_LocalRotation: {x: -0.06523157, y: -0.70409155, z: 0.4173681, w: 0.57079226}
  m_LocalPosition: {x: -0.013849792, y: 0.05346443, z: -0.3565216}
  m_LocalScale: {x: 1.0000001, y: 1.0000001, z: 0.99999994}
  m_Children:
  - {fileID: 4570698174991874}
  m_Father: {fileID: 4781678301074208}
  m_RootOrder: 0
  m_LocalEulerAnglesHint: {x: 0, y: 0, z: 0}
--- !u!4 &4781678301074208
Transform:
  m_ObjectHideFlags: 1
  m_PrefabParentObject: {fileID: 0}
  m_PrefabInternal: {fileID: 100100000}
  m_GameObject: {fileID: 1278902427442178}
  m_LocalRotation: {x: 0.000000087366914, y: -0.0000000031249199, z: -0.035744917,
    w: 0.999361}
  m_LocalPosition: {x: -0.041108396, y: 0.3842143, z: 2.2737367e-15}
  m_LocalScale: {x: 1.0000001, y: 1.0000001, z: 1}
  m_Children:
  - {fileID: 4776700822733072}
  - {fileID: 4414822024985494}
  - {fileID: 4649342825727760}
  m_Father: {fileID: 4342666409728972}
  m_RootOrder: 0
  m_LocalEulerAnglesHint: {x: 0, y: 0, z: 0}
--- !u!4 &4788215152170536
Transform:
  m_ObjectHideFlags: 1
  m_PrefabParentObject: {fileID: 0}
  m_PrefabInternal: {fileID: 100100000}
  m_GameObject: {fileID: 1001006960599696}
  m_LocalRotation: {x: 0.34948403, y: -0.25114512, z: -0.18193786, w: 0.8841299}
  m_LocalPosition: {x: -0.14929397, y: -0.00000015258789, z: 0.00000030517577}
  m_LocalScale: {x: 1.0000002, y: 1, z: 0.99999994}
  m_Children:
  - {fileID: 4059128537349552}
  m_Father: {fileID: 4124630457320098}
  m_RootOrder: 0
  m_LocalEulerAnglesHint: {x: 0, y: 0, z: 0}
--- !u!4 &4796474292137770
Transform:
  m_ObjectHideFlags: 1
  m_PrefabParentObject: {fileID: 0}
  m_PrefabInternal: {fileID: 100100000}
  m_GameObject: {fileID: 1120190653915206}
  m_LocalRotation: {x: -9.285176e-16, y: -3.42923e-15, z: -0.2613546, w: 0.96524286}
  m_LocalPosition: {x: -0.6724086, y: -0.0000030517576, z: -7.2759575e-14}
  m_LocalScale: {x: 1.0000004, y: 1.0000004, z: 1}
  m_Children:
  - {fileID: 4678464099571178}
  m_Father: {fileID: 4072056596929274}
  m_RootOrder: 0
  m_LocalEulerAnglesHint: {x: 0, y: 0, z: 0}
--- !u!4 &4809266637994660
Transform:
  m_ObjectHideFlags: 1
  m_PrefabParentObject: {fileID: 0}
  m_PrefabInternal: {fileID: 100100000}
  m_GameObject: {fileID: 1870144784217112}
  m_LocalRotation: {x: 0.0022731747, y: -0.64928025, z: 0.002712884, w: 0.760541}
  m_LocalPosition: {x: -0.23238601, y: 0, z: 0.00000030517577}
  m_LocalScale: {x: 1.0000001, y: 0.9999999, z: 0.99999994}
  m_Children: []
  m_Father: {fileID: 4827042536846852}
  m_RootOrder: 0
  m_LocalEulerAnglesHint: {x: 0, y: 0, z: 0}
--- !u!4 &4817139316509052
Transform:
  m_ObjectHideFlags: 1
  m_PrefabParentObject: {fileID: 0}
  m_PrefabInternal: {fileID: 100100000}
  m_GameObject: {fileID: 1298852715414186}
  m_LocalRotation: {x: -0.13007444, y: -0.49100846, z: 0.075640626, w: 0.8580617}
  m_LocalPosition: {x: -0.34397233, y: 0.00000019073485, z: 0.00000061035155}
  m_LocalScale: {x: 1.0000001, y: 1.0000001, z: 1.0000001}
  m_Children:
  - {fileID: 4528610975278468}
  m_Father: {fileID: 4833197640679936}
  m_RootOrder: 0
  m_LocalEulerAnglesHint: {x: 0, y: 0, z: 0}
--- !u!4 &4823105226284652
Transform:
  m_ObjectHideFlags: 1
  m_PrefabParentObject: {fileID: 0}
  m_PrefabInternal: {fileID: 100100000}
  m_GameObject: {fileID: 1501625773590568}
  m_LocalRotation: {x: 0.00000013789386, y: -0.000000115861994, z: 0.24995865, w: 0.96825653}
  m_LocalPosition: {x: -1.053569, y: -0.00000061035155, z: -0.00000016374186}
  m_LocalScale: {x: 1, y: 1, z: 1}
  m_Children:
  - {fileID: 4868864434888010}
  m_Father: {fileID: 4649342825727760}
  m_RootOrder: 0
  m_LocalEulerAnglesHint: {x: 0, y: 0, z: 0}
--- !u!4 &4827042536846852
Transform:
  m_ObjectHideFlags: 1
  m_PrefabParentObject: {fileID: 0}
  m_PrefabInternal: {fileID: 100100000}
  m_GameObject: {fileID: 1863953672777186}
  m_LocalRotation: {x: -0.018799374, y: -0.8209163, z: 0.07144873, w: 0.5662492}
  m_LocalPosition: {x: -0.24289794, y: 0, z: 0}
  m_LocalScale: {x: 0.9999998, y: 0.99999994, z: 1.0000002}
  m_Children:
  - {fileID: 4809266637994660}
  m_Father: {fileID: 4978222182865598}
  m_RootOrder: 0
  m_LocalEulerAnglesHint: {x: 0, y: 0, z: 0}
--- !u!4 &4833197640679936
Transform:
  m_ObjectHideFlags: 1
  m_PrefabParentObject: {fileID: 0}
  m_PrefabInternal: {fileID: 100100000}
  m_GameObject: {fileID: 1992110828466870}
  m_LocalRotation: {x: 0.17321289, y: 0.018277355, z: -0.063203715, w: 0.9826844}
  m_LocalPosition: {x: -0.17909698, y: -0.00000015258789, z: -0.0000009155273}
  m_LocalScale: {x: 0.9999999, y: 0.9999999, z: 1}
  m_Children:
  - {fileID: 4817139316509052}
  m_Father: {fileID: 4886337768178800}
  m_RootOrder: 1
  m_LocalEulerAnglesHint: {x: 0, y: 0, z: 0}
--- !u!4 &4839719626928120
Transform:
  m_ObjectHideFlags: 1
  m_PrefabParentObject: {fileID: 0}
  m_PrefabInternal: {fileID: 100100000}
  m_GameObject: {fileID: 1838407044847682}
  m_LocalRotation: {x: -0.70706165, y: 0.0079953065, z: 0.007995247, w: 0.7070616}
  m_LocalPosition: {x: 0.09964984, y: 1.39, z: -0.1242328}
  m_LocalScale: {x: 0.29811025, y: 0.29811057, z: 0.30585605}
  m_Children: []
  m_Father: {fileID: 4209347721420106}
  m_RootOrder: 0
  m_LocalEulerAnglesHint: {x: -90.00001, y: 0, z: 32.816}
--- !u!4 &4858263081250996
Transform:
  m_ObjectHideFlags: 1
  m_PrefabParentObject: {fileID: 0}
  m_PrefabInternal: {fileID: 100100000}
  m_GameObject: {fileID: 1310304400408946}
  m_LocalRotation: {x: 0.3704878, y: 0.7247233, z: 0.44172758, w: -0.37734827}
  m_LocalPosition: {x: -0.6126212, y: -0.23861144, z: -0.25255862}
  m_LocalScale: {x: 1, y: 1, z: 0.99999994}
  m_Children:
  - {fileID: 4245479273195108}
  m_Father: {fileID: 4868864434888010}
  m_RootOrder: 0
  m_LocalEulerAnglesHint: {x: 0, y: 0, z: 0}
--- !u!4 &4868864434888010
Transform:
  m_ObjectHideFlags: 1
  m_PrefabParentObject: {fileID: 0}
  m_PrefabInternal: {fileID: 100100000}
  m_GameObject: {fileID: 1831845513717402}
  m_LocalRotation: {x: 3.4463328e-12, y: -6.575385e-12, z: 0.31668764, w: 0.9485299}
  m_LocalPosition: {x: -1.0549557, y: -0.00000061035155, z: 1.3023964e-11}
  m_LocalScale: {x: 1, y: 1, z: 1}
  m_Children:
  - {fileID: 4858263081250996}
  - {fileID: 4255919656303228}
  - {fileID: 4072056596929274}
  m_Father: {fileID: 4823105226284652}
  m_RootOrder: 0
  m_LocalEulerAnglesHint: {x: 0, y: 0, z: 0}
--- !u!4 &4869057189976324
Transform:
  m_ObjectHideFlags: 1
  m_PrefabParentObject: {fileID: 0}
  m_PrefabInternal: {fileID: 100100000}
  m_GameObject: {fileID: 1942368737319530}
  m_LocalRotation: {x: -0.21354318, y: -0.7954383, z: 0.12866396, w: 0.55237925}
  m_LocalPosition: {x: -0.24695235, y: 0.0000007629394, z: -0.00000061035155}
  m_LocalScale: {x: 1.0000001, y: 1.0000005, z: 0.9999999}
  m_Children:
  - {fileID: 4233274478473048}
  m_Father: {fileID: 4672233611824730}
  m_RootOrder: 0
  m_LocalEulerAnglesHint: {x: 0, y: 0, z: 0}
--- !u!4 &4869616770753966
Transform:
  m_ObjectHideFlags: 1
  m_PrefabParentObject: {fileID: 0}
  m_PrefabInternal: {fileID: 100100000}
  m_GameObject: {fileID: 1948923744941782}
  m_LocalRotation: {x: -0.037273817, y: -0.7290033, z: 0.23624462, w: 0.6413683}
  m_LocalPosition: {x: -0.3617851, y: -0.00000045776366, z: 0.00000061035155}
  m_LocalScale: {x: 0.99999994, y: 0.99999994, z: 1}
  m_Children:
  - {fileID: 4663298703077224}
  m_Father: {fileID: 4973051758987354}
  m_RootOrder: 0
  m_LocalEulerAnglesHint: {x: 0, y: 0, z: 0}
--- !u!4 &4886337768178800
Transform:
  m_ObjectHideFlags: 1
  m_PrefabParentObject: {fileID: 0}
  m_PrefabInternal: {fileID: 100100000}
  m_GameObject: {fileID: 1952265781605778}
  m_LocalRotation: {x: -0.0060705147, y: 0.03113152, z: 0.08794046, w: 0.99562067}
  m_LocalPosition: {x: -0.13205877, y: 0, z: 0.0000018310546}
  m_LocalScale: {x: 0.9999998, y: 1.0000002, z: 1}
  m_Children:
  - {fileID: 4601003553059144}
  - {fileID: 4833197640679936}
  - {fileID: 4947755722663708}
  - {fileID: 4124630457320098}
  m_Father: {fileID: 4117580149777960}
  m_RootOrder: 0
  m_LocalEulerAnglesHint: {x: 0, y: 0, z: 0}
--- !u!4 &4902067552490080
Transform:
  m_ObjectHideFlags: 1
  m_PrefabParentObject: {fileID: 0}
  m_PrefabInternal: {fileID: 100100000}
  m_GameObject: {fileID: 1828347335245240}
  m_LocalRotation: {x: 0.006070553, y: 0.03113149, z: -0.08794032, w: 0.99562067}
  m_LocalPosition: {x: -0.13205917, y: -0.00000030517577, z: 0}
  m_LocalScale: {x: 1, y: 1, z: 1}
  m_Children:
  - {fileID: 4083969254444364}
  - {fileID: 4327669809799182}
  - {fileID: 4973051758987354}
  - {fileID: 4272257839931476}
  m_Father: {fileID: 4361226736828320}
  m_RootOrder: 0
  m_LocalEulerAnglesHint: {x: 0, y: 0, z: 0}
--- !u!4 &4947755722663708
Transform:
  m_ObjectHideFlags: 1
  m_PrefabParentObject: {fileID: 0}
  m_PrefabInternal: {fileID: 100100000}
  m_GameObject: {fileID: 1711432007436836}
  m_LocalRotation: {x: -0.0001174561, y: -0.043374214, z: 0.10628775, w: 0.99338895}
  m_LocalPosition: {x: -0.17909698, y: -0.00000015258789, z: -0.0000009155273}
  m_LocalScale: {x: 0.99999994, y: 0.9999999, z: 0.99999994}
  m_Children:
  - {fileID: 4672233611824730}
  m_Father: {fileID: 4886337768178800}
  m_RootOrder: 2
  m_LocalEulerAnglesHint: {x: 0, y: 0, z: 0}
--- !u!4 &4973051758987354
Transform:
  m_ObjectHideFlags: 1
  m_PrefabParentObject: {fileID: 0}
  m_PrefabInternal: {fileID: 100100000}
  m_GameObject: {fileID: 1754364963023454}
  m_LocalRotation: {x: -0.009182322, y: -0.12978482, z: -0.1050721, w: 0.98591655}
  m_LocalPosition: {x: -0.17909637, y: 0, z: -0.00000030517577}
  m_LocalScale: {x: 1.0000001, y: 1.0000001, z: 1}
  m_Children:
  - {fileID: 4869616770753966}
  m_Father: {fileID: 4902067552490080}
  m_RootOrder: 2
  m_LocalEulerAnglesHint: {x: 0, y: 0, z: 0}
--- !u!4 &4973225290423768
Transform:
  m_ObjectHideFlags: 1
  m_PrefabParentObject: {fileID: 0}
  m_PrefabInternal: {fileID: 100100000}
  m_GameObject: {fileID: 1082885826045526}
  m_LocalRotation: {x: 0.15243573, y: -0.49731338, z: -0.19265127, w: 0.83206266}
  m_LocalPosition: {x: -0.2320555, y: 0.00000015258789, z: 0.00000030517577}
  m_LocalScale: {x: 1, y: 1, z: 1}
  m_Children: []
  m_Father: {fileID: 4663298703077224}
  m_RootOrder: 0
  m_LocalEulerAnglesHint: {x: 0, y: 0, z: 0}
--- !u!4 &4978222182865598
Transform:
  m_ObjectHideFlags: 1
  m_PrefabParentObject: {fileID: 0}
  m_PrefabInternal: {fileID: 100100000}
  m_GameObject: {fileID: 1588003279900108}
  m_LocalRotation: {x: 0.2681298, y: -0.47837847, z: -0.027920214, w: 0.8357517}
  m_LocalPosition: {x: -0.3562983, y: 0.00000022888183, z: -0.00000030517577}
  m_LocalScale: {x: 1.0000001, y: 1.0000002, z: 0.99999994}
  m_Children:
  - {fileID: 4827042536846852}
  m_Father: {fileID: 4601003553059144}
  m_RootOrder: 0
  m_LocalEulerAnglesHint: {x: 0, y: 0, z: 0}
--- !u!23 &23020182910273056
MeshRenderer:
  m_ObjectHideFlags: 1
  m_PrefabParentObject: {fileID: 0}
  m_PrefabInternal: {fileID: 100100000}
  m_GameObject: {fileID: 1838407044847682}
  m_Enabled: 1
  m_CastShadows: 1
  m_ReceiveShadows: 1
  m_DynamicOccludee: 1
  m_MotionVectors: 1
  m_LightProbeUsage: 1
  m_ReflectionProbeUsage: 1
  m_Materials:
  - {fileID: 2100000, guid: ed3e9bfe3d4c57942a614528844063fc, type: 2}
  m_StaticBatchInfo:
    firstSubMesh: 0
    subMeshCount: 0
  m_StaticBatchRoot: {fileID: 0}
  m_ProbeAnchor: {fileID: 0}
  m_LightProbeVolumeOverride: {fileID: 0}
  m_ScaleInLightmap: 1
  m_PreserveUVs: 0
  m_IgnoreNormalsForChartDetection: 0
  m_ImportantGI: 0
  m_StitchLightmapSeams: 0
  m_SelectedEditorRenderState: 3
  m_MinimumChartSize: 4
  m_AutoUVMaxDistance: 0.5
  m_AutoUVMaxAngle: 89
  m_LightmapParameters: {fileID: 0}
  m_SortingLayerID: 0
  m_SortingLayer: 0
  m_SortingOrder: 0
--- !u!33 &33846742456915986
MeshFilter:
  m_ObjectHideFlags: 1
  m_PrefabParentObject: {fileID: 0}
  m_PrefabInternal: {fileID: 100100000}
  m_GameObject: {fileID: 1838407044847682}
  m_Mesh: {fileID: 4300004, guid: fe25fc5a3aefdc14d9f79fa5e3ecd0c3, type: 3}
--- !u!95 &95397354092709520
Animator:
  serializedVersion: 3
  m_ObjectHideFlags: 1
  m_PrefabParentObject: {fileID: 0}
  m_PrefabInternal: {fileID: 100100000}
  m_GameObject: {fileID: 1635500040936262}
  m_Enabled: 1
  m_Avatar: {fileID: 9000000, guid: 97c3e2ddf7baf43448c93db1e6cf3289, type: 3}
  m_Controller: {fileID: 0}
  m_CullingMode: 1
  m_UpdateMode: 0
  m_ApplyRootMotion: 0
  m_LinearVelocityBlending: 0
  m_WarningMessage: 
  m_HasTransformHierarchy: 1
  m_AllowConstantClipSamplingOptimization: 1
--- !u!95 &95756746179512874
Animator:
  serializedVersion: 3
  m_ObjectHideFlags: 1
  m_PrefabParentObject: {fileID: 0}
  m_PrefabInternal: {fileID: 100100000}
  m_GameObject: {fileID: 1948578334678698}
  m_Enabled: 1
  m_Avatar: {fileID: 0}
  m_Controller: {fileID: 9100000, guid: 4b0ba2bc94a5ef743939f933b1dd5a63, type: 2}
  m_CullingMode: 0
  m_UpdateMode: 0
  m_ApplyRootMotion: 0
  m_LinearVelocityBlending: 0
  m_WarningMessage: 
  m_HasTransformHierarchy: 1
  m_AllowConstantClipSamplingOptimization: 1
--- !u!114 &114981115890259068
MonoBehaviour:
  m_ObjectHideFlags: 1
  m_PrefabParentObject: {fileID: 0}
  m_PrefabInternal: {fileID: 100100000}
  m_GameObject: {fileID: 1838407044847682}
  m_Enabled: 1
  m_EditorHideFlags: 0
  m_Script: {fileID: 11500000, guid: d9c8736723100884a95d45d54cc2ef14, type: 3}
  m_Name: 
  m_EditorClassIdentifier: 
  thisMonster: {fileID: 1838407044847682}
  monsterTimer: 25
  state1Model: {fileID: 0}
  state2Model: {fileID: 0}
  state3Model: {fileID: 0}
  secondStateSound: {fileID: 0}
  thirdStateSound: {fileID: 0}
  fourthStateSound: {fileID: 0}
  currentState: 0
--- !u!137 &137280309317653158
SkinnedMeshRenderer:
  m_ObjectHideFlags: 1
  m_PrefabParentObject: {fileID: 0}
  m_PrefabInternal: {fileID: 100100000}
  m_GameObject: {fileID: 1809335891523270}
  m_Enabled: 1
  m_CastShadows: 1
  m_ReceiveShadows: 1
  m_DynamicOccludee: 1
  m_MotionVectors: 1
  m_LightProbeUsage: 1
  m_ReflectionProbeUsage: 1
  m_Materials:
  - {fileID: 2100000, guid: 770d45589c5222c4db00ea9d6db95a5d, type: 2}
  m_StaticBatchInfo:
    firstSubMesh: 0
    subMeshCount: 0
  m_StaticBatchRoot: {fileID: 0}
  m_ProbeAnchor: {fileID: 0}
  m_LightProbeVolumeOverride: {fileID: 0}
  m_ScaleInLightmap: 1
  m_PreserveUVs: 0
  m_IgnoreNormalsForChartDetection: 0
  m_ImportantGI: 0
  m_StitchLightmapSeams: 0
  m_SelectedEditorRenderState: 3
  m_MinimumChartSize: 4
  m_AutoUVMaxDistance: 0.5
  m_AutoUVMaxAngle: 89
  m_LightmapParameters: {fileID: 0}
  m_SortingLayerID: 0
  m_SortingLayer: 0
  m_SortingOrder: 0
  serializedVersion: 2
  m_Quality: 0
  m_UpdateWhenOffscreen: 0
  m_SkinnedMotionVectors: 1
  m_Mesh: {fileID: 4300000, guid: 97c3e2ddf7baf43448c93db1e6cf3289, type: 3}
  m_Bones:
  - {fileID: 4781678301074208}
  - {fileID: 4414822024985494}
  - {fileID: 4776700822733072}
  - {fileID: 4649342825727760}
  - {fileID: 4764330297615346}
  - {fileID: 4570698174991874}
  - {fileID: 4823105226284652}
  - {fileID: 4868864434888010}
  - {fileID: 4313340923299986}
  - {fileID: 4255919656303228}
  - {fileID: 4359490107983060}
  - {fileID: 4245479273195108}
  - {fileID: 4858263081250996}
  - {fileID: 4678464099571178}
  - {fileID: 4390921829073394}
  - {fileID: 4796474292137770}
  - {fileID: 4072056596929274}
  - {fileID: 4292848757505022}
  - {fileID: 4722424708369272}
  - {fileID: 4133140901987744}
  - {fileID: 4723497364146710}
  - {fileID: 4497765992318158}
  - {fileID: 4104236677804630}
  - {fileID: 4361226736828320}
  - {fileID: 4902067552490080}
  - {fileID: 4117580149777960}
  - {fileID: 4973051758987354}
  - {fileID: 4083969254444364}
  - {fileID: 4327669809799182}
  - {fileID: 4886337768178800}
  - {fileID: 4272257839931476}
  - {fileID: 4142535952427688}
  - {fileID: 4065104147084664}
  - {fileID: 4869616770753966}
  - {fileID: 4742212865307596}
  - {fileID: 4342123247279010}
  - {fileID: 4259041080591242}
  - {fileID: 4663298703077224}
  - {fileID: 4419488677903632}
  - {fileID: 4973225290423768}
  - {fileID: 4617769844829122}
  - {fileID: 4631529683719778}
  - {fileID: 4416504577236158}
  - {fileID: 4495099561133572}
  - {fileID: 4833197640679936}
  - {fileID: 4947755722663708}
  - {fileID: 4601003553059144}
  - {fileID: 4124630457320098}
  - {fileID: 4788215152170536}
  - {fileID: 4817139316509052}
  - {fileID: 4672233611824730}
  - {fileID: 4978222182865598}
  - {fileID: 4827042536846852}
  - {fileID: 4059128537349552}
  - {fileID: 4528610975278468}
  - {fileID: 4869057189976324}
  - {fileID: 4809266637994660}
  - {fileID: 4233274478473048}
  - {fileID: 4237401728608222}
  m_BlendShapeWeights: []
  m_RootBone: {fileID: 4781678301074208}
  m_AABB:
    m_Center: {x: -0.9324908, y: -0.89144635, z: 0.022108674}
    m_Extent: {x: 3.3850331, y: 3.5220945, z: 3.107069}
  m_DirtyAABB: 0
