%YAML 1.1
%TAG !u! tag:unity3d.com,2011:
--- !u!29 &1
OcclusionCullingSettings:
  m_ObjectHideFlags: 0
  serializedVersion: 2
  m_OcclusionBakeSettings:
    smallestOccluder: 5
    smallestHole: 0.25
    backfaceThreshold: 100
  m_SceneGUID: 00000000000000000000000000000000
  m_OcclusionCullingData: {fileID: 0}
--- !u!104 &2
RenderSettings:
  m_ObjectHideFlags: 0
  serializedVersion: 8
  m_Fog: 0
  m_FogColor: {r: 0.5, g: 0.5, b: 0.5, a: 1}
  m_FogMode: 3
  m_FogDensity: 0.01
  m_LinearFogStart: 0
  m_LinearFogEnd: 300
  m_AmbientSkyColor: {r: 0, g: 0, b: 0, a: 1}
  m_AmbientEquatorColor: {r: 0.114, g: 0.125, b: 0.133, a: 1}
  m_AmbientGroundColor: {r: 0.047, g: 0.043, b: 0.035, a: 1}
  m_AmbientIntensity: 1
  m_AmbientMode: 3
  m_SubtractiveShadowColor: {r: 0.42, g: 0.478, b: 0.627, a: 1}
  m_SkyboxMaterial: {fileID: 0}
  m_HaloStrength: 0.5
  m_FlareStrength: 1
  m_FlareFadeSpeed: 3
  m_HaloTexture: {fileID: 0}
  m_SpotCookie: {fileID: 10001, guid: 0000000000000000e000000000000000, type: 0}
  m_DefaultReflectionMode: 0
  m_DefaultReflectionResolution: 128
  m_ReflectionBounces: 1
  m_ReflectionIntensity: 1
  m_CustomReflection: {fileID: 0}
  m_Sun: {fileID: 0}
  m_IndirectSpecularColor: {r: 0, g: 0, b: 0, a: 1}
--- !u!157 &3
LightmapSettings:
  m_ObjectHideFlags: 0
  serializedVersion: 11
  m_GIWorkflowMode: 0
  m_GISettings:
    serializedVersion: 2
    m_BounceScale: 1
    m_IndirectOutputScale: 1
    m_AlbedoBoost: 1
    m_TemporalCoherenceThreshold: 1
    m_EnvironmentLightingMode: 0
    m_EnableBakedLightmaps: 1
    m_EnableRealtimeLightmaps: 1
  m_LightmapEditorSettings:
    serializedVersion: 9
    m_Resolution: 2
    m_BakeResolution: 40
    m_TextureWidth: 1024
    m_TextureHeight: 1024
    m_AO: 0
    m_AOMaxDistance: 1
    m_CompAOExponent: 1
    m_CompAOExponentDirect: 0
    m_Padding: 2
    m_LightmapParameters: {fileID: 0}
    m_LightmapsBakeMode: 1
    m_TextureCompression: 1
    m_FinalGather: 0
    m_FinalGatherFiltering: 1
    m_FinalGatherRayCount: 256
    m_ReflectionCompression: 2
    m_MixedBakeMode: 2
    m_BakeBackend: 0
    m_PVRSampling: 1
    m_PVRDirectSampleCount: 32
    m_PVRSampleCount: 500
    m_PVRBounces: 2
    m_PVRFiltering: 0
    m_PVRFilteringMode: 1
    m_PVRCulling: 1
    m_PVRFilteringGaussRadiusDirect: 1
    m_PVRFilteringGaussRadiusIndirect: 5
    m_PVRFilteringGaussRadiusAO: 2
    m_PVRFilteringAtrousColorSigma: 1
    m_PVRFilteringAtrousNormalSigma: 1
    m_PVRFilteringAtrousPositionSigma: 1
  m_LightingDataAsset: {fileID: 0}
  m_UseShadowmask: 1
--- !u!196 &4
NavMeshSettings:
  serializedVersion: 2
  m_ObjectHideFlags: 0
  m_BuildSettings:
    serializedVersion: 2
    agentTypeID: 0
    agentRadius: 0.5
    agentHeight: 2
    agentSlope: 45
    agentClimb: 0.4
    ledgeDropHeight: 0
    maxJumpAcrossDistance: 0
    minRegionArea: 2
    manualCellSize: 0
    cellSize: 0.16666667
    manualTileSize: 0
    tileSize: 256
    accuratePlacement: 0
  m_NavMeshData: {fileID: 0}
--- !u!1001 &86687448
Prefab:
  m_ObjectHideFlags: 0
  serializedVersion: 2
  m_Modification:
    m_TransformParent: {fileID: 0}
    m_Modifications:
    - target: {fileID: 4927700975542024, guid: 05c7c9868e03a6343b9e100a8b322c9c, type: 2}
      propertyPath: m_LocalPosition.x
      value: -37.2
      objectReference: {fileID: 0}
    - target: {fileID: 4927700975542024, guid: 05c7c9868e03a6343b9e100a8b322c9c, type: 2}
      propertyPath: m_LocalPosition.y
      value: -38.3
      objectReference: {fileID: 0}
    - target: {fileID: 4927700975542024, guid: 05c7c9868e03a6343b9e100a8b322c9c, type: 2}
      propertyPath: m_LocalPosition.z
      value: -31.7
      objectReference: {fileID: 0}
    - target: {fileID: 4927700975542024, guid: 05c7c9868e03a6343b9e100a8b322c9c, type: 2}
      propertyPath: m_LocalRotation.x
      value: 0
      objectReference: {fileID: 0}
    - target: {fileID: 4927700975542024, guid: 05c7c9868e03a6343b9e100a8b322c9c, type: 2}
      propertyPath: m_LocalRotation.y
      value: 0
      objectReference: {fileID: 0}
    - target: {fileID: 4927700975542024, guid: 05c7c9868e03a6343b9e100a8b322c9c, type: 2}
      propertyPath: m_LocalRotation.z
      value: 0
      objectReference: {fileID: 0}
    - target: {fileID: 4927700975542024, guid: 05c7c9868e03a6343b9e100a8b322c9c, type: 2}
      propertyPath: m_LocalRotation.w
      value: 1
      objectReference: {fileID: 0}
    - target: {fileID: 4927700975542024, guid: 05c7c9868e03a6343b9e100a8b322c9c, type: 2}
      propertyPath: m_RootOrder
      value: 2
      objectReference: {fileID: 0}
    - target: {fileID: 95394259395769162, guid: 05c7c9868e03a6343b9e100a8b322c9c,
        type: 2}
      propertyPath: m_Controller
      value: 
      objectReference: {fileID: 9100000, guid: f4b54bdcf58e7714b91322b4ca51dbf1, type: 2}
    m_RemovedComponents: []
  m_ParentPrefab: {fileID: 100100000, guid: 05c7c9868e03a6343b9e100a8b322c9c, type: 2}
  m_IsPrefabParent: 0
--- !u!1001 &121858123
Prefab:
  m_ObjectHideFlags: 0
  serializedVersion: 2
  m_Modification:
    m_TransformParent: {fileID: 0}
    m_Modifications:
    - target: {fileID: 4693010370778604, guid: b81c5d559dc99954eadb560d3c4c2b36, type: 2}
      propertyPath: m_LocalPosition.x
      value: 63.1
      objectReference: {fileID: 0}
    - target: {fileID: 4693010370778604, guid: b81c5d559dc99954eadb560d3c4c2b36, type: 2}
      propertyPath: m_LocalPosition.y
      value: 0
      objectReference: {fileID: 0}
    - target: {fileID: 4693010370778604, guid: b81c5d559dc99954eadb560d3c4c2b36, type: 2}
      propertyPath: m_LocalPosition.z
      value: 0
      objectReference: {fileID: 0}
    - target: {fileID: 4693010370778604, guid: b81c5d559dc99954eadb560d3c4c2b36, type: 2}
      propertyPath: m_LocalRotation.x
      value: 0
      objectReference: {fileID: 0}
    - target: {fileID: 4693010370778604, guid: b81c5d559dc99954eadb560d3c4c2b36, type: 2}
      propertyPath: m_LocalRotation.y
      value: 0
      objectReference: {fileID: 0}
    - target: {fileID: 4693010370778604, guid: b81c5d559dc99954eadb560d3c4c2b36, type: 2}
      propertyPath: m_LocalRotation.z
      value: 0
      objectReference: {fileID: 0}
    - target: {fileID: 4693010370778604, guid: b81c5d559dc99954eadb560d3c4c2b36, type: 2}
      propertyPath: m_LocalRotation.w
      value: 1
      objectReference: {fileID: 0}
    - target: {fileID: 4693010370778604, guid: b81c5d559dc99954eadb560d3c4c2b36, type: 2}
      propertyPath: m_RootOrder
      value: 0
      objectReference: {fileID: 0}
    m_RemovedComponents: []
  m_ParentPrefab: {fileID: 100100000, guid: b81c5d559dc99954eadb560d3c4c2b36, type: 2}
  m_IsPrefabParent: 0
--- !u!1 &122584167
GameObject:
  m_ObjectHideFlags: 0
  m_PrefabParentObject: {fileID: 0}
  m_PrefabInternal: {fileID: 0}
  serializedVersion: 5
  m_Component:
  - component: {fileID: 122584169}
  - component: {fileID: 122584168}
  - component: {fileID: 122584171}
  - component: {fileID: 122584170}
  m_Layer: 0
  m_Name: Player
  m_TagString: Untagged
  m_Icon: {fileID: 0}
  m_NavMeshLayer: 0
  m_StaticEditorFlags: 0
  m_IsActive: 1
--- !u!114 &122584168
MonoBehaviour:
  m_ObjectHideFlags: 0
  m_PrefabParentObject: {fileID: 0}
  m_PrefabInternal: {fileID: 0}
  m_GameObject: {fileID: 122584167}
  m_Enabled: 1
  m_EditorHideFlags: 0
  m_Script: {fileID: 11500000, guid: aa533102524f8414da1c47a0ba6f3f99, type: 3}
  m_Name: 
  m_EditorClassIdentifier: 
  flashlight: {fileID: 372939316}
  Aud: {fileID: 122584170}
  windUp: {fileID: 8300000, guid: 52db63f5e67339c4aa1edf2aedce668a, type: 3}
  torchOn: {fileID: 8300000, guid: 912a6a8df00fd5e40b9918749c6f86ad, type: 3}
  torchNotOn: 0
  windValue: 3
--- !u!4 &122584169
Transform:
  m_ObjectHideFlags: 0
  m_PrefabParentObject: {fileID: 0}
  m_PrefabInternal: {fileID: 0}
  m_GameObject: {fileID: 122584167}
  m_LocalRotation: {x: -0, y: 0.9993037, z: -0, w: 0.037311945}
  m_LocalPosition: {x: -7.04, y: 4.61, z: 0.06}
  m_LocalScale: {x: 1, y: 1, z: 1}
  m_Children:
  - {fileID: 1727856922}
  m_Father: {fileID: 0}
  m_RootOrder: 7
  m_LocalEulerAnglesHint: {x: 0, y: 175.723, z: 0}
--- !u!82 &122584170
AudioSource:
  m_ObjectHideFlags: 0
  m_PrefabParentObject: {fileID: 0}
  m_PrefabInternal: {fileID: 0}
  m_GameObject: {fileID: 122584167}
  m_Enabled: 1
  serializedVersion: 4
  OutputAudioMixerGroup: {fileID: 0}
  m_audioClip: {fileID: 0}
  m_PlayOnAwake: 1
  m_Volume: 1
  m_Pitch: 1
  Loop: 0
  Mute: 0
  Spatialize: 0
  SpatializePostEffects: 0
  Priority: 128
  DopplerLevel: 1
  MinDistance: 1
  MaxDistance: 500
  Pan2D: 0
  rolloffMode: 0
  BypassEffects: 0
  BypassListenerEffects: 0
  BypassReverbZones: 0
  rolloffCustomCurve:
    serializedVersion: 2
    m_Curve:
    - serializedVersion: 2
      time: 0
      value: 1
      inSlope: 0
      outSlope: 0
      tangentMode: 0
    - serializedVersion: 2
      time: 1
      value: 0
      inSlope: 0
      outSlope: 0
      tangentMode: 0
    m_PreInfinity: 2
    m_PostInfinity: 2
    m_RotationOrder: 4
  panLevelCustomCurve:
    serializedVersion: 2
    m_Curve:
    - serializedVersion: 2
      time: 0
      value: 0
      inSlope: 0
      outSlope: 0
      tangentMode: 0
    m_PreInfinity: 2
    m_PostInfinity: 2
    m_RotationOrder: 0
  spreadCustomCurve:
    serializedVersion: 2
    m_Curve:
    - serializedVersion: 2
      time: 0
      value: 0
      inSlope: 0
      outSlope: 0
      tangentMode: 0
    m_PreInfinity: 2
    m_PostInfinity: 2
    m_RotationOrder: 0
  reverbZoneMixCustomCurve:
    serializedVersion: 2
    m_Curve:
    - serializedVersion: 2
      time: 0
      value: 1
      inSlope: 0
      outSlope: 0
      tangentMode: 0
    m_PreInfinity: 2
    m_PostInfinity: 2
    m_RotationOrder: 0
--- !u!114 &122584171
MonoBehaviour:
  m_ObjectHideFlags: 0
  m_PrefabParentObject: {fileID: 0}
  m_PrefabInternal: {fileID: 0}
  m_GameObject: {fileID: 122584167}
  m_Enabled: 1
  m_EditorHideFlags: 0
  m_Script: {fileID: 11500000, guid: 2015eca90dd00cc4cae2ab6f577c9534, type: 3}
  m_Name: 
  m_EditorClassIdentifier: 
  blanket: {fileID: 848311434}
--- !u!1 &133918820
GameObject:
  m_ObjectHideFlags: 0
  m_PrefabParentObject: {fileID: 1804867040341978, guid: b81c5d559dc99954eadb560d3c4c2b36,
    type: 2}
  m_PrefabInternal: {fileID: 0}
  serializedVersion: 5
  m_Component:
  - component: {fileID: 133918821}
  - component: {fileID: 133918824}
  - component: {fileID: 133918823}
  - component: {fileID: 133918822}
  m_Layer: 0
  m_Name: Floor (2)
  m_TagString: Untagged
  m_Icon: {fileID: 0}
  m_NavMeshLayer: 0
  m_StaticEditorFlags: 0
  m_IsActive: 1
--- !u!4 &133918821
Transform:
  m_ObjectHideFlags: 0
  m_PrefabParentObject: {fileID: 4192208165547234, guid: b81c5d559dc99954eadb560d3c4c2b36,
    type: 2}
  m_PrefabInternal: {fileID: 0}
  m_GameObject: {fileID: 133918820}
  m_LocalRotation: {x: -0, y: -0.70710576, z: -0, w: 0.70710784}
  m_LocalPosition: {x: 0, y: 0, z: -14.326042}
  m_LocalScale: {x: 1.43264, y: 1.43264, z: 1.4326398}
  m_Children: []
  m_Father: {fileID: 1025386895}
  m_RootOrder: 2
  m_LocalEulerAnglesHint: {x: 0, y: -90.00001, z: 0}
--- !u!23 &133918822
MeshRenderer:
  m_ObjectHideFlags: 0
  m_PrefabParentObject: {fileID: 23859758333259068, guid: b81c5d559dc99954eadb560d3c4c2b36,
    type: 2}
  m_PrefabInternal: {fileID: 0}
  m_GameObject: {fileID: 133918820}
  m_Enabled: 1
  m_CastShadows: 1
  m_ReceiveShadows: 1
  m_MotionVectors: 1
  m_LightProbeUsage: 1
  m_ReflectionProbeUsage: 1
  m_Materials:
  - {fileID: 2100000, guid: ed1f10638cb5abc4e9fd23c341f5c75b, type: 2}
  m_StaticBatchInfo:
    firstSubMesh: 0
    subMeshCount: 0
  m_StaticBatchRoot: {fileID: 0}
  m_ProbeAnchor: {fileID: 0}
  m_LightProbeVolumeOverride: {fileID: 0}
  m_ScaleInLightmap: 1
  m_PreserveUVs: 1
  m_IgnoreNormalsForChartDetection: 0
  m_ImportantGI: 0
  m_SelectedEditorRenderState: 3
  m_MinimumChartSize: 4
  m_AutoUVMaxDistance: 0.5
  m_AutoUVMaxAngle: 89
  m_LightmapParameters: {fileID: 0}
  m_SortingLayerID: 0
  m_SortingLayer: 0
  m_SortingOrder: 0
--- !u!64 &133918823
MeshCollider:
  m_ObjectHideFlags: 0
  m_PrefabParentObject: {fileID: 64353474298582054, guid: b81c5d559dc99954eadb560d3c4c2b36,
    type: 2}
  m_PrefabInternal: {fileID: 0}
  m_GameObject: {fileID: 133918820}
  m_Material: {fileID: 0}
  m_IsTrigger: 0
  m_Enabled: 1
  serializedVersion: 2
  m_Convex: 0
  m_InflateMesh: 0
  m_SkinWidth: 0.01
  m_Mesh: {fileID: 10209, guid: 0000000000000000e000000000000000, type: 0}
--- !u!33 &133918824
MeshFilter:
  m_ObjectHideFlags: 0
  m_PrefabParentObject: {fileID: 33730082107639576, guid: b81c5d559dc99954eadb560d3c4c2b36,
    type: 2}
  m_PrefabInternal: {fileID: 0}
  m_GameObject: {fileID: 133918820}
  m_Mesh: {fileID: 10209, guid: 0000000000000000e000000000000000, type: 0}
--- !u!1 &136282806
GameObject:
  m_ObjectHideFlags: 0
  m_PrefabParentObject: {fileID: 0}
  m_PrefabInternal: {fileID: 0}
  serializedVersion: 5
  m_Component:
  - component: {fileID: 136282807}
  m_Layer: 0
  m_Name: GameCore
  m_TagString: Untagged
  m_Icon: {fileID: 0}
  m_NavMeshLayer: 0
  m_StaticEditorFlags: 0
  m_IsActive: 1
--- !u!4 &136282807
Transform:
  m_ObjectHideFlags: 0
  m_PrefabParentObject: {fileID: 0}
  m_PrefabInternal: {fileID: 0}
  m_GameObject: {fileID: 136282806}
  m_LocalRotation: {x: 0, y: 0, z: 0, w: 1}
  m_LocalPosition: {x: 20.782562, y: -22.516212, z: -96.21814}
  m_LocalScale: {x: 1, y: 1, z: 1}
  m_Children: []
  m_Father: {fileID: 0}
  m_RootOrder: 8
  m_LocalEulerAnglesHint: {x: 0, y: 0, z: 0}
--- !u!1 &186816495
GameObject:
  m_ObjectHideFlags: 0
  m_PrefabParentObject: {fileID: 1999863807308872, guid: b81c5d559dc99954eadb560d3c4c2b36,
    type: 2}
  m_PrefabInternal: {fileID: 0}
  serializedVersion: 5
  m_Component:
  - component: {fileID: 186816496}
  - component: {fileID: 186816499}
  - component: {fileID: 186816498}
  - component: {fileID: 186816497}
  m_Layer: 0
  m_Name: Roof
  m_TagString: Untagged
  m_Icon: {fileID: 0}
  m_NavMeshLayer: 0
  m_StaticEditorFlags: 0
  m_IsActive: 1
--- !u!4 &186816496
Transform:
  m_ObjectHideFlags: 0
  m_PrefabParentObject: {fileID: 4787259163115140, guid: b81c5d559dc99954eadb560d3c4c2b36,
    type: 2}
  m_PrefabInternal: {fileID: 0}
  m_GameObject: {fileID: 186816495}
  m_LocalRotation: {x: 1, y: -0, z: -0, w: 0.0000029504295}
  m_LocalPosition: {x: -9.09767, y: 12.93, z: -14.867999}
  m_LocalScale: {x: 1.1307673, y: 1.1307673, z: 1.1307673}
  m_Children: []
  m_Father: {fileID: 1025386895}
  m_RootOrder: 9
  m_LocalEulerAnglesHint: {x: 180, y: -0.000015258789, z: -0.000015258789}
--- !u!23 &186816497
MeshRenderer:
  m_ObjectHideFlags: 0
  m_PrefabParentObject: {fileID: 23855905487009732, guid: b81c5d559dc99954eadb560d3c4c2b36,
    type: 2}
  m_PrefabInternal: {fileID: 0}
  m_GameObject: {fileID: 186816495}
  m_Enabled: 1
  m_CastShadows: 1
  m_ReceiveShadows: 1
  m_MotionVectors: 1
  m_LightProbeUsage: 1
  m_ReflectionProbeUsage: 1
  m_Materials:
  - {fileID: 2100000, guid: 28ec1eadd555dde41971de52dc2f26b5, type: 2}
  m_StaticBatchInfo:
    firstSubMesh: 0
    subMeshCount: 0
  m_StaticBatchRoot: {fileID: 0}
  m_ProbeAnchor: {fileID: 0}
  m_LightProbeVolumeOverride: {fileID: 0}
  m_ScaleInLightmap: 1
  m_PreserveUVs: 1
  m_IgnoreNormalsForChartDetection: 0
  m_ImportantGI: 0
  m_SelectedEditorRenderState: 3
  m_MinimumChartSize: 4
  m_AutoUVMaxDistance: 0.5
  m_AutoUVMaxAngle: 89
  m_LightmapParameters: {fileID: 0}
  m_SortingLayerID: 0
  m_SortingLayer: 0
  m_SortingOrder: 0
--- !u!64 &186816498
MeshCollider:
  m_ObjectHideFlags: 0
  m_PrefabParentObject: {fileID: 64388131945778288, guid: b81c5d559dc99954eadb560d3c4c2b36,
    type: 2}
  m_PrefabInternal: {fileID: 0}
  m_GameObject: {fileID: 186816495}
  m_Material: {fileID: 0}
  m_IsTrigger: 0
  m_Enabled: 1
  serializedVersion: 2
  m_Convex: 0
  m_InflateMesh: 0
  m_SkinWidth: 0.01
  m_Mesh: {fileID: 10209, guid: 0000000000000000e000000000000000, type: 0}
--- !u!33 &186816499
MeshFilter:
  m_ObjectHideFlags: 0
  m_PrefabParentObject: {fileID: 33631128793600918, guid: b81c5d559dc99954eadb560d3c4c2b36,
    type: 2}
  m_PrefabInternal: {fileID: 0}
  m_GameObject: {fileID: 186816495}
  m_Mesh: {fileID: 10209, guid: 0000000000000000e000000000000000, type: 0}
--- !u!4 &290406869 stripped
Transform:
  m_PrefabParentObject: {fileID: 4704351945978646, guid: 05c7c9868e03a6343b9e100a8b322c9c,
    type: 2}
  m_PrefabInternal: {fileID: 86687448}
--- !u!1 &295392190
GameObject:
  m_ObjectHideFlags: 0
  m_PrefabParentObject: {fileID: 0}
  m_PrefabInternal: {fileID: 0}
  serializedVersion: 5
  m_Component:
  - component: {fileID: 295392194}
  - component: {fileID: 295392193}
  - component: {fileID: 295392192}
  - component: {fileID: 295392191}
  m_Layer: 0
  m_Name: Monster
  m_TagString: Untagged
  m_Icon: {fileID: 0}
  m_NavMeshLayer: 0
  m_StaticEditorFlags: 0
  m_IsActive: 1
--- !u!23 &295392191
MeshRenderer:
  m_ObjectHideFlags: 0
  m_PrefabParentObject: {fileID: 0}
  m_PrefabInternal: {fileID: 0}
  m_GameObject: {fileID: 295392190}
  m_Enabled: 1
  m_CastShadows: 1
  m_ReceiveShadows: 1
  m_MotionVectors: 1
  m_LightProbeUsage: 1
  m_ReflectionProbeUsage: 1
  m_Materials:
  - {fileID: 10303, guid: 0000000000000000f000000000000000, type: 0}
  m_StaticBatchInfo:
    firstSubMesh: 0
    subMeshCount: 0
  m_StaticBatchRoot: {fileID: 0}
  m_ProbeAnchor: {fileID: 0}
  m_LightProbeVolumeOverride: {fileID: 0}
  m_ScaleInLightmap: 1
  m_PreserveUVs: 1
  m_IgnoreNormalsForChartDetection: 0
  m_ImportantGI: 0
  m_SelectedEditorRenderState: 3
  m_MinimumChartSize: 4
  m_AutoUVMaxDistance: 0.5
  m_AutoUVMaxAngle: 89
  m_LightmapParameters: {fileID: 0}
  m_SortingLayerID: 0
  m_SortingLayer: 0
  m_SortingOrder: 0
--- !u!65 &295392192
BoxCollider:
  m_ObjectHideFlags: 0
  m_PrefabParentObject: {fileID: 0}
  m_PrefabInternal: {fileID: 0}
  m_GameObject: {fileID: 295392190}
  m_Material: {fileID: 0}
  m_IsTrigger: 0
  m_Enabled: 1
  serializedVersion: 2
  m_Size: {x: 1, y: 1, z: 1}
  m_Center: {x: 0, y: 0, z: 0}
--- !u!33 &295392193
MeshFilter:
  m_ObjectHideFlags: 0
  m_PrefabParentObject: {fileID: 0}
  m_PrefabInternal: {fileID: 0}
  m_GameObject: {fileID: 295392190}
  m_Mesh: {fileID: 10202, guid: 0000000000000000e000000000000000, type: 0}
--- !u!4 &295392194
Transform:
  m_ObjectHideFlags: 0
  m_PrefabParentObject: {fileID: 0}
  m_PrefabInternal: {fileID: 0}
  m_GameObject: {fileID: 295392190}
  m_LocalRotation: {x: 0, y: 0, z: 0, w: 1}
  m_LocalPosition: {x: 3.75, y: 5.01, z: -4.93}
  m_LocalScale: {x: 1.4679852, y: 5.1374116, z: 1.4679849}
  m_Children: []
  m_Father: {fileID: 0}
  m_RootOrder: 6
  m_LocalEulerAnglesHint: {x: 0, y: 0, z: 0}
--- !u!1 &372939315
GameObject:
  m_ObjectHideFlags: 0
  m_PrefabParentObject: {fileID: 0}
  m_PrefabInternal: {fileID: 0}
  serializedVersion: 5
  m_Component:
  - component: {fileID: 372939317}
  - component: {fileID: 372939316}
  - component: {fileID: 372939318}
  m_Layer: 0
  m_Name: Flashlight
  m_TagString: Vision
  m_Icon: {fileID: 0}
  m_NavMeshLayer: 0
  m_StaticEditorFlags: 0
  m_IsActive: 1
--- !u!108 &372939316
Light:
  m_ObjectHideFlags: 0
  m_PrefabParentObject: {fileID: 0}
  m_PrefabInternal: {fileID: 0}
  m_GameObject: {fileID: 372939315}
  m_Enabled: 1
  serializedVersion: 8
  m_Type: 0
  m_Color: {r: 1, g: 1, b: 1, a: 1}
  m_Intensity: 1
  m_Range: 30
  m_SpotAngle: 45
  m_CookieSize: 10
  m_Shadows:
    m_Type: 0
    m_Resolution: -1
    m_CustomResolution: -1
    m_Strength: 1
    m_Bias: 0.05
    m_NormalBias: 0.4
    m_NearPlane: 0.2
  m_Cookie: {fileID: 0}
  m_DrawHalo: 0
  m_Flare: {fileID: 0}
  m_RenderMode: 0
  m_CullingMask:
    serializedVersion: 2
    m_Bits: 4294967295
  m_Lightmapping: 4
  m_AreaSize: {x: 1, y: 1}
  m_BounceIntensity: 1
  m_ColorTemperature: 6570
  m_UseColorTemperature: 0
  m_ShadowRadius: 0
  m_ShadowAngle: 0
--- !u!4 &372939317
Transform:
  m_ObjectHideFlags: 0
  m_PrefabParentObject: {fileID: 0}
  m_PrefabInternal: {fileID: 0}
  m_GameObject: {fileID: 372939315}
  m_LocalRotation: {x: -0, y: -0, z: -0, w: 1}
  m_LocalPosition: {x: 0, y: 0, z: 0}
  m_LocalScale: {x: 1, y: 1, z: 1}
  m_Children: []
  m_Father: {fileID: 1727856922}
  m_RootOrder: 0
  m_LocalEulerAnglesHint: {x: 90, y: 0, z: 0}
--- !u!65 &372939318
BoxCollider:
  m_ObjectHideFlags: 0
  m_PrefabParentObject: {fileID: 0}
  m_PrefabInternal: {fileID: 0}
  m_GameObject: {fileID: 372939315}
  m_Material: {fileID: 0}
  m_IsTrigger: 1
  m_Enabled: 1
  serializedVersion: 2
  m_Size: {x: 3.26, y: 3.7, z: 23.6}
  m_Center: {x: 0, y: 0, z: 12.6}
--- !u!1 &436041237
GameObject:
  m_ObjectHideFlags: 0
  m_PrefabParentObject: {fileID: 1999863807308872, guid: b81c5d559dc99954eadb560d3c4c2b36,
    type: 2}
  m_PrefabInternal: {fileID: 0}
  serializedVersion: 5
  m_Component:
  - component: {fileID: 436041238}
  - component: {fileID: 436041241}
  - component: {fileID: 436041240}
  - component: {fileID: 436041239}
  m_Layer: 0
  m_Name: Roof (3)
  m_TagString: Untagged
  m_Icon: {fileID: 0}
  m_NavMeshLayer: 0
  m_StaticEditorFlags: 0
  m_IsActive: 1
--- !u!4 &436041238
Transform:
  m_ObjectHideFlags: 0
  m_PrefabParentObject: {fileID: 4787259163115140, guid: b81c5d559dc99954eadb560d3c4c2b36,
    type: 2}
  m_PrefabInternal: {fileID: 0}
  m_GameObject: {fileID: 436041237}
  m_LocalRotation: {x: 1, y: -0, z: -0, w: 0.0000029504295}
  m_LocalPosition: {x: 2.21, y: 12.93, z: -3.56}
  m_LocalScale: {x: 1.1307673, y: 1.1307673, z: 1.1307673}
  m_Children: []
  m_Father: {fileID: 1025386895}
  m_RootOrder: 12
  m_LocalEulerAnglesHint: {x: 180, y: -0.000015258789, z: -0.000015258789}
--- !u!23 &436041239
MeshRenderer:
  m_ObjectHideFlags: 0
  m_PrefabParentObject: {fileID: 23855905487009732, guid: b81c5d559dc99954eadb560d3c4c2b36,
    type: 2}
  m_PrefabInternal: {fileID: 0}
  m_GameObject: {fileID: 436041237}
  m_Enabled: 1
  m_CastShadows: 1
  m_ReceiveShadows: 1
  m_MotionVectors: 1
  m_LightProbeUsage: 1
  m_ReflectionProbeUsage: 1
  m_Materials:
  - {fileID: 2100000, guid: 28ec1eadd555dde41971de52dc2f26b5, type: 2}
  m_StaticBatchInfo:
    firstSubMesh: 0
    subMeshCount: 0
  m_StaticBatchRoot: {fileID: 0}
  m_ProbeAnchor: {fileID: 0}
  m_LightProbeVolumeOverride: {fileID: 0}
  m_ScaleInLightmap: 1
  m_PreserveUVs: 1
  m_IgnoreNormalsForChartDetection: 0
  m_ImportantGI: 0
  m_SelectedEditorRenderState: 3
  m_MinimumChartSize: 4
  m_AutoUVMaxDistance: 0.5
  m_AutoUVMaxAngle: 89
  m_LightmapParameters: {fileID: 0}
  m_SortingLayerID: 0
  m_SortingLayer: 0
  m_SortingOrder: 0
--- !u!64 &436041240
MeshCollider:
  m_ObjectHideFlags: 0
  m_PrefabParentObject: {fileID: 64388131945778288, guid: b81c5d559dc99954eadb560d3c4c2b36,
    type: 2}
  m_PrefabInternal: {fileID: 0}
  m_GameObject: {fileID: 436041237}
  m_Material: {fileID: 0}
  m_IsTrigger: 0
  m_Enabled: 1
  serializedVersion: 2
  m_Convex: 0
  m_InflateMesh: 0
  m_SkinWidth: 0.01
  m_Mesh: {fileID: 10209, guid: 0000000000000000e000000000000000, type: 0}
--- !u!33 &436041241
MeshFilter:
  m_ObjectHideFlags: 0
  m_PrefabParentObject: {fileID: 33631128793600918, guid: b81c5d559dc99954eadb560d3c4c2b36,
    type: 2}
  m_PrefabInternal: {fileID: 0}
  m_GameObject: {fileID: 436041237}
  m_Mesh: {fileID: 10209, guid: 0000000000000000e000000000000000, type: 0}
--- !u!1 &450859959
GameObject:
  m_ObjectHideFlags: 0
  m_PrefabParentObject: {fileID: 1319428202757436, guid: 05c7c9868e03a6343b9e100a8b322c9c,
    type: 2}
  m_PrefabInternal: {fileID: 0}
  serializedVersion: 5
  m_Component:
  - component: {fileID: 450859960}
  - component: {fileID: 450859962}
  - component: {fileID: 450859961}
  m_Layer: 0
  m_Name: Vint
  m_TagString: Untagged
  m_Icon: {fileID: 0}
  m_NavMeshLayer: 0
  m_StaticEditorFlags: 0
  m_IsActive: 1
--- !u!4 &450859960
Transform:
  m_ObjectHideFlags: 0
  m_PrefabParentObject: {fileID: 4047370375329084, guid: 05c7c9868e03a6343b9e100a8b322c9c,
    type: 2}
  m_PrefabInternal: {fileID: 0}
  m_GameObject: {fileID: 450859959}
  m_LocalRotation: {x: 0, y: -0, z: -0, w: 1}
  m_LocalPosition: {x: -0, y: -0.000000048446655, z: -1.8822545}
  m_LocalScale: {x: 1, y: 1, z: 1}
  m_Children: []
  m_Father: {fileID: 1780901677}
  m_RootOrder: 0
  m_LocalEulerAnglesHint: {x: 0, y: 0, z: 0}
--- !u!23 &450859961
MeshRenderer:
  m_ObjectHideFlags: 0
  m_PrefabParentObject: {fileID: 23435561725890446, guid: 05c7c9868e03a6343b9e100a8b322c9c,
    type: 2}
  m_PrefabInternal: {fileID: 0}
  m_GameObject: {fileID: 450859959}
  m_Enabled: 1
  m_CastShadows: 1
  m_ReceiveShadows: 1
  m_MotionVectors: 1
  m_LightProbeUsage: 1
  m_ReflectionProbeUsage: 1
  m_Materials:
  - {fileID: 2100000, guid: 69478e48569698d4297ad9e4ef5734c6, type: 2}
  m_StaticBatchInfo:
    firstSubMesh: 0
    subMeshCount: 0
  m_StaticBatchRoot: {fileID: 0}
  m_ProbeAnchor: {fileID: 0}
  m_LightProbeVolumeOverride: {fileID: 0}
  m_ScaleInLightmap: 1
  m_PreserveUVs: 0
  m_IgnoreNormalsForChartDetection: 0
  m_ImportantGI: 0
  m_SelectedEditorRenderState: 3
  m_MinimumChartSize: 4
  m_AutoUVMaxDistance: 0.5
  m_AutoUVMaxAngle: 89
  m_LightmapParameters: {fileID: 0}
  m_SortingLayerID: 0
  m_SortingLayer: 0
  m_SortingOrder: 0
--- !u!33 &450859962
MeshFilter:
  m_ObjectHideFlags: 0
  m_PrefabParentObject: {fileID: 33378313795417842, guid: 05c7c9868e03a6343b9e100a8b322c9c,
    type: 2}
  m_PrefabInternal: {fileID: 0}
  m_GameObject: {fileID: 450859959}
  m_Mesh: {fileID: 4300002, guid: 9311a2ba0cdd6ac45a5f22665150c31d, type: 3}
--- !u!1 &553046527
GameObject:
  m_ObjectHideFlags: 0
  m_PrefabParentObject: {fileID: 0}
  m_PrefabInternal: {fileID: 0}
  serializedVersion: 5
  m_Component:
  - component: {fileID: 553046528}
  - component: {fileID: 553046529}
  m_Layer: 0
  m_Name: HallLight
  m_TagString: Untagged
  m_Icon: {fileID: 0}
  m_NavMeshLayer: 0
  m_StaticEditorFlags: 0
  m_IsActive: 1
--- !u!4 &553046528
Transform:
  m_ObjectHideFlags: 0
  m_PrefabParentObject: {fileID: 0}
  m_PrefabInternal: {fileID: 0}
  m_GameObject: {fileID: 553046527}
  m_LocalRotation: {x: 0, y: 0, z: 0, w: 1}
  m_LocalPosition: {x: 0, y: 0, z: -12.22}
  m_LocalScale: {x: 1, y: 1, z: 1}
  m_Children: []
  m_Father: {fileID: 726617451}
  m_RootOrder: 1
  m_LocalEulerAnglesHint: {x: 0, y: 0, z: 0}
--- !u!108 &553046529
Light:
  m_ObjectHideFlags: 0
  m_PrefabParentObject: {fileID: 0}
  m_PrefabInternal: {fileID: 0}
  m_GameObject: {fileID: 553046527}
  m_Enabled: 1
  serializedVersion: 8
  m_Type: 2
  m_Color: {r: 1, g: 0.83347756, b: 0.19117647, a: 1}
  m_Intensity: 1
  m_Range: 30
  m_SpotAngle: 30
  m_CookieSize: 10
  m_Shadows:
    m_Type: 0
    m_Resolution: -1
    m_CustomResolution: -1
    m_Strength: 1
    m_Bias: 0.05
    m_NormalBias: 0.4
    m_NearPlane: 0.2
  m_Cookie: {fileID: 0}
  m_DrawHalo: 0
  m_Flare: {fileID: 0}
  m_RenderMode: 0
  m_CullingMask:
    serializedVersion: 2
    m_Bits: 4294967295
  m_Lightmapping: 4
  m_AreaSize: {x: 1, y: 1}
  m_BounceIntensity: 1
  m_ColorTemperature: 6570
  m_UseColorTemperature: 0
  m_ShadowRadius: 0
  m_ShadowAngle: 0
--- !u!1 &726617450
GameObject:
  m_ObjectHideFlags: 0
  m_PrefabParentObject: {fileID: 0}
  m_PrefabInternal: {fileID: 0}
  serializedVersion: 5
  m_Component:
  - component: {fileID: 726617451}
  m_Layer: 0
  m_Name: Lighting
  m_TagString: Untagged
  m_Icon: {fileID: 0}
  m_NavMeshLayer: 0
  m_StaticEditorFlags: 0
  m_IsActive: 1
--- !u!4 &726617451
Transform:
  m_ObjectHideFlags: 0
  m_PrefabParentObject: {fileID: 0}
  m_PrefabInternal: {fileID: 0}
  m_GameObject: {fileID: 726617450}
  m_LocalRotation: {x: 0, y: 0, z: 0, w: 1}
  m_LocalPosition: {x: -5.154382, y: 4.0368032, z: -12.792884}
  m_LocalScale: {x: 1, y: 1, z: 1}
  m_Children:
  - {fileID: 2108200184}
  - {fileID: 553046528}
  m_Father: {fileID: 0}
  m_RootOrder: 5
  m_LocalEulerAnglesHint: {x: 0, y: 0, z: 0}
--- !u!1 &762236197
GameObject:
  m_ObjectHideFlags: 0
  m_PrefabParentObject: {fileID: 1874798616828982, guid: 05c7c9868e03a6343b9e100a8b322c9c,
    type: 2}
  m_PrefabInternal: {fileID: 0}
  serializedVersion: 5
  m_Component:
  - component: {fileID: 762236198}
  - component: {fileID: 762236200}
  - component: {fileID: 762236199}
  - component: {fileID: 762236201}
  - component: {fileID: 762236202}
  - component: {fileID: 762236203}
  m_Layer: 0
  m_Name: Cupboard
  m_TagString: Untagged
  m_Icon: {fileID: 0}
  m_NavMeshLayer: 0
  m_StaticEditorFlags: 0
  m_IsActive: 1
--- !u!4 &762236198
Transform:
  m_ObjectHideFlags: 0
  m_PrefabParentObject: {fileID: 4537865066854286, guid: 05c7c9868e03a6343b9e100a8b322c9c,
    type: 2}
  m_PrefabInternal: {fileID: 0}
  m_GameObject: {fileID: 762236197}
  m_LocalRotation: {x: -0.5000007, y: -0.49999928, z: -0.49999928, w: 0.5000007}
  m_LocalPosition: {x: 3.56, y: -0.022655487, z: -4.5745735}
  m_LocalScale: {x: 1.9549507, y: 1.9549491, z: 1.9549495}
  m_Children:
  - {fileID: 829684337}
  - {fileID: 1477712937}
  m_Father: {fileID: 1025386895}
  m_RootOrder: 14
  m_LocalEulerAnglesHint: {x: -90.00001, y: 0, z: -90.00001}
--- !u!23 &762236199
MeshRenderer:
  m_ObjectHideFlags: 0
  m_PrefabParentObject: {fileID: 23932759400484344, guid: 05c7c9868e03a6343b9e100a8b322c9c,
    type: 2}
  m_PrefabInternal: {fileID: 0}
  m_GameObject: {fileID: 762236197}
  m_Enabled: 1
  m_CastShadows: 1
  m_ReceiveShadows: 1
  m_MotionVectors: 1
  m_LightProbeUsage: 1
  m_ReflectionProbeUsage: 1
  m_Materials:
  - {fileID: 2100000, guid: 3aa7f0b74004df3429426e8ba86a7716, type: 2}
  m_StaticBatchInfo:
    firstSubMesh: 0
    subMeshCount: 0
  m_StaticBatchRoot: {fileID: 0}
  m_ProbeAnchor: {fileID: 0}
  m_LightProbeVolumeOverride: {fileID: 0}
  m_ScaleInLightmap: 1
  m_PreserveUVs: 0
  m_IgnoreNormalsForChartDetection: 0
  m_ImportantGI: 0
  m_SelectedEditorRenderState: 3
  m_MinimumChartSize: 4
  m_AutoUVMaxDistance: 0.5
  m_AutoUVMaxAngle: 89
  m_LightmapParameters: {fileID: 0}
  m_SortingLayerID: 0
  m_SortingLayer: 0
  m_SortingOrder: 0
--- !u!33 &762236200
MeshFilter:
  m_ObjectHideFlags: 0
  m_PrefabParentObject: {fileID: 33027529992063686, guid: 05c7c9868e03a6343b9e100a8b322c9c,
    type: 2}
  m_PrefabInternal: {fileID: 0}
  m_GameObject: {fileID: 762236197}
  m_Mesh: {fileID: 4300000, guid: d6a344960ebeb124e9cd6bc5d0048ec4, type: 3}
--- !u!114 &762236201
MonoBehaviour:
  m_ObjectHideFlags: 0
  m_PrefabParentObject: {fileID: 0}
  m_PrefabInternal: {fileID: 0}
  m_GameObject: {fileID: 762236197}
  m_Enabled: 1
  m_EditorHideFlags: 0
  m_Script: {fileID: 11500000, guid: 333faa51bd6defd4096824cebd39a104, type: 3}
  m_Name: 
  m_EditorClassIdentifier: 
  doorLeft: {fileID: 1477712936}
  doorRight: {fileID: 829684336}
  currentState: 0
  monster: {fileID: 295392190}
  Aud: {fileID: 122584170}
  doorClose: {fileID: 8300000, guid: 63b4a65f554a9ce4abe8f55403807ed1, type: 3}
--- !u!65 &762236202
BoxCollider:
  m_ObjectHideFlags: 0
  m_PrefabParentObject: {fileID: 0}
  m_PrefabInternal: {fileID: 0}
  m_GameObject: {fileID: 762236197}
  m_Material: {fileID: 0}
  m_IsTrigger: 0
  m_Enabled: 1
  serializedVersion: 2
  m_Size: {x: 4.2047253, y: 1.642387, z: 5.2743917}
  m_Center: {x: 0, y: 0, z: 2.6069229}
--- !u!54 &762236203
Rigidbody:
  m_ObjectHideFlags: 0
  m_PrefabParentObject: {fileID: 0}
  m_PrefabInternal: {fileID: 0}
  m_GameObject: {fileID: 762236197}
  serializedVersion: 2
  m_Mass: 1
  m_Drag: 0
  m_AngularDrag: 0.05
  m_UseGravity: 0
  m_IsKinematic: 1
  m_Interpolate: 0
  m_Constraints: 0
  m_CollisionDetection: 0
--- !u!1 &811013367
GameObject:
  m_ObjectHideFlags: 0
  m_PrefabParentObject: {fileID: 0}
  m_PrefabInternal: {fileID: 0}
  serializedVersion: 5
  m_Component:
  - component: {fileID: 811013369}
  - component: {fileID: 811013368}
  m_Layer: 0
  m_Name: Directional Light
  m_TagString: Untagged
  m_Icon: {fileID: 0}
  m_NavMeshLayer: 0
  m_StaticEditorFlags: 0
  m_IsActive: 0
--- !u!108 &811013368
Light:
  m_ObjectHideFlags: 0
  m_PrefabParentObject: {fileID: 0}
  m_PrefabInternal: {fileID: 0}
  m_GameObject: {fileID: 811013367}
  m_Enabled: 1
  serializedVersion: 8
  m_Type: 1
  m_Color: {r: 1, g: 0.95686275, b: 0.8392157, a: 1}
  m_Intensity: 1
  m_Range: 10
  m_SpotAngle: 30
  m_CookieSize: 10
  m_Shadows:
    m_Type: 2
    m_Resolution: -1
    m_CustomResolution: -1
    m_Strength: 1
    m_Bias: 0.05
    m_NormalBias: 0.4
    m_NearPlane: 0.2
  m_Cookie: {fileID: 0}
  m_DrawHalo: 0
  m_Flare: {fileID: 0}
  m_RenderMode: 0
  m_CullingMask:
    serializedVersion: 2
    m_Bits: 4294967295
  m_Lightmapping: 4
  m_AreaSize: {x: 1, y: 1}
  m_BounceIntensity: 1
  m_ColorTemperature: 6570
  m_UseColorTemperature: 0
  m_ShadowRadius: 0
  m_ShadowAngle: 0
--- !u!4 &811013369
Transform:
  m_ObjectHideFlags: 0
  m_PrefabParentObject: {fileID: 0}
  m_PrefabInternal: {fileID: 0}
  m_GameObject: {fileID: 811013367}
  m_LocalRotation: {x: 0.40821788, y: -0.23456968, z: 0.10938163, w: 0.8754261}
  m_LocalPosition: {x: 0, y: 3, z: 0}
  m_LocalScale: {x: 1, y: 1, z: 1}
  m_Children: []
  m_Father: {fileID: 0}
  m_RootOrder: 3
  m_LocalEulerAnglesHint: {x: 50, y: -30, z: 0}
--- !u!1 &829684336
GameObject:
  m_ObjectHideFlags: 0
  m_PrefabParentObject: {fileID: 1913416946586722, guid: 05c7c9868e03a6343b9e100a8b322c9c,
    type: 2}
  m_PrefabInternal: {fileID: 0}
  serializedVersion: 5
  m_Component:
  - component: {fileID: 829684337}
  - component: {fileID: 829684339}
  - component: {fileID: 829684338}
  m_Layer: 0
  m_Name: Plane004
  m_TagString: Untagged
  m_Icon: {fileID: 0}
  m_NavMeshLayer: 0
  m_StaticEditorFlags: 0
  m_IsActive: 1
--- !u!4 &829684337
Transform:
  m_ObjectHideFlags: 0
  m_PrefabParentObject: {fileID: 4961919414998896, guid: 05c7c9868e03a6343b9e100a8b322c9c,
    type: 2}
  m_PrefabInternal: {fileID: 0}
  m_GameObject: {fileID: 829684336}
  m_LocalRotation: {x: -0, y: -0, z: -0.01734361, w: 0.9998497}
  m_LocalPosition: {x: -1.3952395, y: -0.5470121, z: 2.6443717}
  m_LocalScale: {x: 1.0000001, y: 1.0000001, z: 1}
  m_Children: []
  m_Father: {fileID: 762236198}
  m_RootOrder: 0
  m_LocalEulerAnglesHint: {x: 0, y: 0, z: -1.988}
--- !u!23 &829684338
MeshRenderer:
  m_ObjectHideFlags: 0
  m_PrefabParentObject: {fileID: 23096327050920406, guid: 05c7c9868e03a6343b9e100a8b322c9c,
    type: 2}
  m_PrefabInternal: {fileID: 0}
  m_GameObject: {fileID: 829684336}
  m_Enabled: 1
  m_CastShadows: 1
  m_ReceiveShadows: 1
  m_MotionVectors: 1
  m_LightProbeUsage: 1
  m_ReflectionProbeUsage: 1
  m_Materials:
  - {fileID: 2100000, guid: 3aa7f0b74004df3429426e8ba86a7716, type: 2}
  m_StaticBatchInfo:
    firstSubMesh: 0
    subMeshCount: 0
  m_StaticBatchRoot: {fileID: 0}
  m_ProbeAnchor: {fileID: 0}
  m_LightProbeVolumeOverride: {fileID: 0}
  m_ScaleInLightmap: 1
  m_PreserveUVs: 0
  m_IgnoreNormalsForChartDetection: 0
  m_ImportantGI: 0
  m_SelectedEditorRenderState: 3
  m_MinimumChartSize: 4
  m_AutoUVMaxDistance: 0.5
  m_AutoUVMaxAngle: 89
  m_LightmapParameters: {fileID: 0}
  m_SortingLayerID: 0
  m_SortingLayer: 0
  m_SortingOrder: 0
--- !u!33 &829684339
MeshFilter:
  m_ObjectHideFlags: 0
  m_PrefabParentObject: {fileID: 33637360096198974, guid: 05c7c9868e03a6343b9e100a8b322c9c,
    type: 2}
  m_PrefabInternal: {fileID: 0}
  m_GameObject: {fileID: 829684336}
  m_Mesh: {fileID: 4300002, guid: d6a344960ebeb124e9cd6bc5d0048ec4, type: 3}
--- !u!1 &848311434 stripped
GameObject:
  m_PrefabParentObject: {fileID: 100000, guid: 1d0b65d95c63e0946988a5eba345d926, type: 3}
  m_PrefabInternal: {fileID: 2049311099}
--- !u!95 &848311435
Animator:
  serializedVersion: 3
  m_ObjectHideFlags: 0
  m_PrefabParentObject: {fileID: 0}
  m_PrefabInternal: {fileID: 0}
  m_GameObject: {fileID: 848311434}
  m_Enabled: 1
  m_Avatar: {fileID: 0}
  m_Controller: {fileID: 9100000, guid: 2637e98f80cee0f4eb0c6c726cd407df, type: 2}
  m_CullingMode: 0
  m_UpdateMode: 0
  m_ApplyRootMotion: 0
  m_LinearVelocityBlending: 0
  m_WarningMessage: 
  m_HasTransformHierarchy: 1
  m_AllowConstantClipSamplingOptimization: 1
--- !u!1 &868542226
GameObject:
  m_ObjectHideFlags: 0
  m_PrefabParentObject: {fileID: 1984112651618990, guid: b81c5d559dc99954eadb560d3c4c2b36,
    type: 2}
  m_PrefabInternal: {fileID: 0}
  serializedVersion: 5
  m_Component:
  - component: {fileID: 868542227}
  - component: {fileID: 868542230}
  - component: {fileID: 868542229}
  - component: {fileID: 868542228}
  m_Layer: 0
  m_Name: 5 (8)
  m_TagString: Untagged
  m_Icon: {fileID: 0}
  m_NavMeshLayer: 0
  m_StaticEditorFlags: 0
  m_IsActive: 1
--- !u!4 &868542227
Transform:
  m_ObjectHideFlags: 0
  m_PrefabParentObject: {fileID: 4250473052758904, guid: b81c5d559dc99954eadb560d3c4c2b36,
    type: 2}
  m_PrefabInternal: {fileID: 0}
  m_GameObject: {fileID: 868542226}
  m_LocalRotation: {x: -0.7071068, y: -0, z: -0, w: 0.7071068}
  m_LocalPosition: {x: -39.725, y: 4.5019, z: -14.406}
  m_LocalScale: {x: 0.9999979, y: 0.99999905, z: 1.0100015}
  m_Children: []
  m_Father: {fileID: 2012838140}
  m_RootOrder: 42
  m_LocalEulerAnglesHint: {x: 0, y: 0, z: 0}
--- !u!95 &868542228
Animator:
  serializedVersion: 3
  m_ObjectHideFlags: 0
  m_PrefabParentObject: {fileID: 95486214608681338, guid: b81c5d559dc99954eadb560d3c4c2b36,
    type: 2}
  m_PrefabInternal: {fileID: 0}
  m_GameObject: {fileID: 868542226}
  m_Enabled: 1
  m_Avatar: {fileID: 9000000, guid: e32ad1dc52863c148be68c98edccb3b9, type: 3}
  m_Controller: {fileID: 0}
  m_CullingMode: 0
  m_UpdateMode: 0
  m_ApplyRootMotion: 0
  m_LinearVelocityBlending: 0
  m_WarningMessage: 
  m_HasTransformHierarchy: 1
  m_AllowConstantClipSamplingOptimization: 1
--- !u!23 &868542229
MeshRenderer:
  m_ObjectHideFlags: 0
  m_PrefabParentObject: {fileID: 23977977439032396, guid: b81c5d559dc99954eadb560d3c4c2b36,
    type: 2}
  m_PrefabInternal: {fileID: 0}
  m_GameObject: {fileID: 868542226}
  m_Enabled: 1
  m_CastShadows: 1
  m_ReceiveShadows: 1
  m_MotionVectors: 1
  m_LightProbeUsage: 1
  m_ReflectionProbeUsage: 1
  m_Materials:
  - {fileID: 2100000, guid: 782694d20b0947a459c671c2a1015119, type: 2}
  - {fileID: 2100000, guid: ab2a92eb898207d40b6dd52927f2514f, type: 2}
  - {fileID: 2100000, guid: 9a2458bc597c0834e9f325aba226dabb, type: 2}
  m_StaticBatchInfo:
    firstSubMesh: 0
    subMeshCount: 0
  m_StaticBatchRoot: {fileID: 0}
  m_ProbeAnchor: {fileID: 0}
  m_LightProbeVolumeOverride: {fileID: 0}
  m_ScaleInLightmap: 1
  m_PreserveUVs: 0
  m_IgnoreNormalsForChartDetection: 0
  m_ImportantGI: 0
  m_SelectedEditorRenderState: 3
  m_MinimumChartSize: 4
  m_AutoUVMaxDistance: 0.5
  m_AutoUVMaxAngle: 89
  m_LightmapParameters: {fileID: 0}
  m_SortingLayerID: 0
  m_SortingLayer: 0
  m_SortingOrder: 0
--- !u!33 &868542230
MeshFilter:
  m_ObjectHideFlags: 0
  m_PrefabParentObject: {fileID: 33977225250297758, guid: b81c5d559dc99954eadb560d3c4c2b36,
    type: 2}
  m_PrefabInternal: {fileID: 0}
  m_GameObject: {fileID: 868542226}
  m_Mesh: {fileID: 4300000, guid: e32ad1dc52863c148be68c98edccb3b9, type: 3}
--- !u!1 &938716960
GameObject:
  m_ObjectHideFlags: 0
  m_PrefabParentObject: {fileID: 1999863807308872, guid: b81c5d559dc99954eadb560d3c4c2b36,
    type: 2}
  m_PrefabInternal: {fileID: 0}
  serializedVersion: 5
  m_Component:
  - component: {fileID: 938716961}
  - component: {fileID: 938716964}
  - component: {fileID: 938716963}
  - component: {fileID: 938716962}
  m_Layer: 0
  m_Name: Roof (2)
  m_TagString: Untagged
  m_Icon: {fileID: 0}
  m_NavMeshLayer: 0
  m_StaticEditorFlags: 0
  m_IsActive: 1
--- !u!4 &938716961
Transform:
  m_ObjectHideFlags: 0
  m_PrefabParentObject: {fileID: 4787259163115140, guid: b81c5d559dc99954eadb560d3c4c2b36,
    type: 2}
  m_PrefabInternal: {fileID: 0}
  m_GameObject: {fileID: 938716960}
  m_LocalRotation: {x: 1, y: -0, z: -0, w: 0.0000029504295}
  m_LocalPosition: {x: -9.09767, y: 12.93, z: -3.56}
  m_LocalScale: {x: 1.1307673, y: 1.1307673, z: 1.1307673}
  m_Children: []
  m_Father: {fileID: 1025386895}
  m_RootOrder: 11
  m_LocalEulerAnglesHint: {x: 180, y: -0.000015258789, z: -0.000015258789}
--- !u!23 &938716962
MeshRenderer:
  m_ObjectHideFlags: 0
  m_PrefabParentObject: {fileID: 23855905487009732, guid: b81c5d559dc99954eadb560d3c4c2b36,
    type: 2}
  m_PrefabInternal: {fileID: 0}
  m_GameObject: {fileID: 938716960}
  m_Enabled: 1
  m_CastShadows: 1
  m_ReceiveShadows: 1
  m_MotionVectors: 1
  m_LightProbeUsage: 1
  m_ReflectionProbeUsage: 1
  m_Materials:
  - {fileID: 2100000, guid: 28ec1eadd555dde41971de52dc2f26b5, type: 2}
  m_StaticBatchInfo:
    firstSubMesh: 0
    subMeshCount: 0
  m_StaticBatchRoot: {fileID: 0}
  m_ProbeAnchor: {fileID: 0}
  m_LightProbeVolumeOverride: {fileID: 0}
  m_ScaleInLightmap: 1
  m_PreserveUVs: 1
  m_IgnoreNormalsForChartDetection: 0
  m_ImportantGI: 0
  m_SelectedEditorRenderState: 3
  m_MinimumChartSize: 4
  m_AutoUVMaxDistance: 0.5
  m_AutoUVMaxAngle: 89
  m_LightmapParameters: {fileID: 0}
  m_SortingLayerID: 0
  m_SortingLayer: 0
  m_SortingOrder: 0
--- !u!64 &938716963
MeshCollider:
  m_ObjectHideFlags: 0
  m_PrefabParentObject: {fileID: 64388131945778288, guid: b81c5d559dc99954eadb560d3c4c2b36,
    type: 2}
  m_PrefabInternal: {fileID: 0}
  m_GameObject: {fileID: 938716960}
  m_Material: {fileID: 0}
  m_IsTrigger: 0
  m_Enabled: 1
  serializedVersion: 2
  m_Convex: 0
  m_InflateMesh: 0
  m_SkinWidth: 0.01
  m_Mesh: {fileID: 10209, guid: 0000000000000000e000000000000000, type: 0}
--- !u!33 &938716964
MeshFilter:
  m_ObjectHideFlags: 0
  m_PrefabParentObject: {fileID: 33631128793600918, guid: b81c5d559dc99954eadb560d3c4c2b36,
    type: 2}
  m_PrefabInternal: {fileID: 0}
  m_GameObject: {fileID: 938716960}
  m_Mesh: {fileID: 10209, guid: 0000000000000000e000000000000000, type: 0}
--- !u!1 &1025386894
GameObject:
  m_ObjectHideFlags: 0
  m_PrefabParentObject: {fileID: 0}
  m_PrefabInternal: {fileID: 0}
  serializedVersion: 5
  m_Component:
  - component: {fileID: 1025386895}
  m_Layer: 0
  m_Name: Bedroom
  m_TagString: Untagged
  m_Icon: {fileID: 0}
  m_NavMeshLayer: 0
  m_StaticEditorFlags: 0
  m_IsActive: 1
--- !u!4 &1025386895
Transform:
  m_ObjectHideFlags: 0
  m_PrefabParentObject: {fileID: 0}
  m_PrefabInternal: {fileID: 0}
  m_GameObject: {fileID: 1025386894}
  m_LocalRotation: {x: 0, y: 0, z: 0, w: 1}
  m_LocalPosition: {x: 0, y: 0, z: 0}
  m_LocalScale: {x: 1, y: 1, z: 1}
  m_Children:
  - {fileID: 1312865481}
  - {fileID: 1774197112}
  - {fileID: 133918821}
  - {fileID: 1945702107}
  - {fileID: 2111524745}
  - {fileID: 1895870168}
  - {fileID: 1266199196}
  - {fileID: 1396523005}
  - {fileID: 2040337729}
  - {fileID: 186816496}
  - {fileID: 1823431455}
  - {fileID: 938716961}
  - {fileID: 436041238}
  - {fileID: 1643168608}
  - {fileID: 762236198}
  m_Father: {fileID: 0}
  m_RootOrder: 4
  m_LocalEulerAnglesHint: {x: 0, y: 0, z: 0}
--- !u!1 &1172105518
GameObject:
  m_ObjectHideFlags: 0
  m_PrefabParentObject: {fileID: 1933008917181874, guid: b81c5d559dc99954eadb560d3c4c2b36,
    type: 2}
  m_PrefabInternal: {fileID: 0}
  serializedVersion: 5
  m_Component:
  - component: {fileID: 1172105519}
  - component: {fileID: 1172105521}
  - component: {fileID: 1172105520}
  m_Layer: 0
  m_Name: Object533 (1)
  m_TagString: Untagged
  m_Icon: {fileID: 0}
  m_NavMeshLayer: 0
  m_StaticEditorFlags: 0
  m_IsActive: 1
--- !u!4 &1172105519
Transform:
  m_ObjectHideFlags: 0
  m_PrefabParentObject: {fileID: 4755392275030148, guid: b81c5d559dc99954eadb560d3c4c2b36,
    type: 2}
  m_PrefabInternal: {fileID: 0}
  m_GameObject: {fileID: 1172105518}
  m_LocalRotation: {x: -0, y: -0, z: 0.7071068, w: 0.7071068}
  m_LocalPosition: {x: 22.07, y: -0.5, z: -0.28}
  m_LocalScale: {x: 1.0000027, y: 1.0000026, z: 0.99996954}
  m_Children: []
  m_Father: {fileID: 1266199196}
  m_RootOrder: 1
  m_LocalEulerAnglesHint: {x: 0, y: 0, z: 0}
--- !u!23 &1172105520
MeshRenderer:
  m_ObjectHideFlags: 0
  m_PrefabParentObject: {fileID: 23322603926925446, guid: b81c5d559dc99954eadb560d3c4c2b36,
    type: 2}
  m_PrefabInternal: {fileID: 0}
  m_GameObject: {fileID: 1172105518}
  m_Enabled: 1
  m_CastShadows: 1
  m_ReceiveShadows: 1
  m_MotionVectors: 1
  m_LightProbeUsage: 1
  m_ReflectionProbeUsage: 1
  m_Materials:
  - {fileID: 2100000, guid: 284c4a88a9d82314d9c47a5c5500ff34, type: 2}
  - {fileID: 2100000, guid: af829d681d2c82f4795541422ad295c8, type: 2}
  m_StaticBatchInfo:
    firstSubMesh: 0
    subMeshCount: 0
  m_StaticBatchRoot: {fileID: 0}
  m_ProbeAnchor: {fileID: 0}
  m_LightProbeVolumeOverride: {fileID: 0}
  m_ScaleInLightmap: 1
  m_PreserveUVs: 0
  m_IgnoreNormalsForChartDetection: 0
  m_ImportantGI: 0
  m_SelectedEditorRenderState: 3
  m_MinimumChartSize: 4
  m_AutoUVMaxDistance: 0.5
  m_AutoUVMaxAngle: 89
  m_LightmapParameters: {fileID: 0}
  m_SortingLayerID: 0
  m_SortingLayer: 0
  m_SortingOrder: 0
--- !u!33 &1172105521
MeshFilter:
  m_ObjectHideFlags: 0
  m_PrefabParentObject: {fileID: 33009864506379454, guid: b81c5d559dc99954eadb560d3c4c2b36,
    type: 2}
  m_PrefabInternal: {fileID: 0}
  m_GameObject: {fileID: 1172105518}
  m_Mesh: {fileID: 4300002, guid: 6a1eaa3a1a37d724dab31317d37b1c7a, type: 3}
--- !u!1 &1266199195
GameObject:
  m_ObjectHideFlags: 0
  m_PrefabParentObject: {fileID: 1177499149088810, guid: b81c5d559dc99954eadb560d3c4c2b36,
    type: 2}
  m_PrefabInternal: {fileID: 0}
  serializedVersion: 5
  m_Component:
  - component: {fileID: 1266199196}
  - component: {fileID: 1266199199}
  - component: {fileID: 1266199198}
  - component: {fileID: 1266199197}
  m_Layer: 0
  m_Name: Window
  m_TagString: Untagged
  m_Icon: {fileID: 0}
  m_NavMeshLayer: 0
  m_StaticEditorFlags: 0
  m_IsActive: 1
--- !u!4 &1266199196
Transform:
  m_ObjectHideFlags: 0
  m_PrefabParentObject: {fileID: 4627282241012916, guid: b81c5d559dc99954eadb560d3c4c2b36,
    type: 2}
  m_PrefabInternal: {fileID: 0}
  m_GameObject: {fileID: 1266199195}
  m_LocalRotation: {x: -0.5000007, y: 0.49999928, z: 0.49999928, w: 0.5000007}
  m_LocalPosition: {x: -13.202, y: 6.423, z: -9.5542}
  m_LocalScale: {x: 0.15300998, y: 0.15301013, z: 0.14358012}
  m_Children:
  - {fileID: 1524532118}
  - {fileID: 1172105519}
  m_Father: {fileID: 1025386895}
  m_RootOrder: 6
  m_LocalEulerAnglesHint: {x: -90.00001, y: 0, z: 90.00001}
--- !u!95 &1266199197
Animator:
  serializedVersion: 3
  m_ObjectHideFlags: 0
  m_PrefabParentObject: {fileID: 95653704466121460, guid: b81c5d559dc99954eadb560d3c4c2b36,
    type: 2}
  m_PrefabInternal: {fileID: 0}
  m_GameObject: {fileID: 1266199195}
  m_Enabled: 1
  m_Avatar: {fileID: 9000000, guid: 6a1eaa3a1a37d724dab31317d37b1c7a, type: 3}
  m_Controller: {fileID: 0}
  m_CullingMode: 0
  m_UpdateMode: 0
  m_ApplyRootMotion: 0
  m_LinearVelocityBlending: 0
  m_WarningMessage: 
  m_HasTransformHierarchy: 1
  m_AllowConstantClipSamplingOptimization: 1
--- !u!23 &1266199198
MeshRenderer:
  m_ObjectHideFlags: 0
  m_PrefabParentObject: {fileID: 23919934803445210, guid: b81c5d559dc99954eadb560d3c4c2b36,
    type: 2}
  m_PrefabInternal: {fileID: 0}
  m_GameObject: {fileID: 1266199195}
  m_Enabled: 1
  m_CastShadows: 1
  m_ReceiveShadows: 1
  m_MotionVectors: 1
  m_LightProbeUsage: 1
  m_ReflectionProbeUsage: 1
  m_Materials:
  - {fileID: 2100000, guid: 284c4a88a9d82314d9c47a5c5500ff34, type: 2}
  - {fileID: 2100000, guid: af829d681d2c82f4795541422ad295c8, type: 2}
  - {fileID: 2100000, guid: 782694d20b0947a459c671c2a1015119, type: 2}
  - {fileID: 2100000, guid: ab2a92eb898207d40b6dd52927f2514f, type: 2}
  - {fileID: 2100000, guid: 9a2458bc597c0834e9f325aba226dabb, type: 2}
  m_StaticBatchInfo:
    firstSubMesh: 0
    subMeshCount: 0
  m_StaticBatchRoot: {fileID: 0}
  m_ProbeAnchor: {fileID: 0}
  m_LightProbeVolumeOverride: {fileID: 0}
  m_ScaleInLightmap: 1
  m_PreserveUVs: 0
  m_IgnoreNormalsForChartDetection: 0
  m_ImportantGI: 0
  m_SelectedEditorRenderState: 3
  m_MinimumChartSize: 4
  m_AutoUVMaxDistance: 0.5
  m_AutoUVMaxAngle: 89
  m_LightmapParameters: {fileID: 0}
  m_SortingLayerID: 0
  m_SortingLayer: 0
  m_SortingOrder: 0
--- !u!33 &1266199199
MeshFilter:
  m_ObjectHideFlags: 0
  m_PrefabParentObject: {fileID: 33931475144208230, guid: b81c5d559dc99954eadb560d3c4c2b36,
    type: 2}
  m_PrefabInternal: {fileID: 0}
  m_GameObject: {fileID: 1266199195}
  m_Mesh: {fileID: 4300000, guid: 6a1eaa3a1a37d724dab31317d37b1c7a, type: 3}
--- !u!1 &1312865480
GameObject:
  m_ObjectHideFlags: 0
  m_PrefabParentObject: {fileID: 1804867040341978, guid: b81c5d559dc99954eadb560d3c4c2b36,
    type: 2}
  m_PrefabInternal: {fileID: 0}
  serializedVersion: 5
  m_Component:
  - component: {fileID: 1312865481}
  - component: {fileID: 1312865484}
  - component: {fileID: 1312865483}
  - component: {fileID: 1312865482}
  m_Layer: 0
  m_Name: Floor
  m_TagString: Untagged
  m_Icon: {fileID: 0}
  m_NavMeshLayer: 0
  m_StaticEditorFlags: 0
  m_IsActive: 1
--- !u!4 &1312865481
Transform:
  m_ObjectHideFlags: 0
  m_PrefabParentObject: {fileID: 4192208165547234, guid: b81c5d559dc99954eadb560d3c4c2b36,
    type: 2}
  m_PrefabInternal: {fileID: 0}
  m_GameObject: {fileID: 1312865480}
  m_LocalRotation: {x: -0, y: -0.70710576, z: -0, w: 0.70710784}
  m_LocalPosition: {x: 0, y: 0, z: 0}
  m_LocalScale: {x: 1.43264, y: 1.43264, z: 1.4326398}
  m_Children: []
  m_Father: {fileID: 1025386895}
  m_RootOrder: 0
  m_LocalEulerAnglesHint: {x: 0, y: -90.00001, z: 0}
--- !u!23 &1312865482
MeshRenderer:
  m_ObjectHideFlags: 0
  m_PrefabParentObject: {fileID: 23859758333259068, guid: b81c5d559dc99954eadb560d3c4c2b36,
    type: 2}
  m_PrefabInternal: {fileID: 0}
  m_GameObject: {fileID: 1312865480}
  m_Enabled: 1
  m_CastShadows: 1
  m_ReceiveShadows: 1
  m_MotionVectors: 1
  m_LightProbeUsage: 1
  m_ReflectionProbeUsage: 1
  m_Materials:
  - {fileID: 2100000, guid: ed1f10638cb5abc4e9fd23c341f5c75b, type: 2}
  m_StaticBatchInfo:
    firstSubMesh: 0
    subMeshCount: 0
  m_StaticBatchRoot: {fileID: 0}
  m_ProbeAnchor: {fileID: 0}
  m_LightProbeVolumeOverride: {fileID: 0}
  m_ScaleInLightmap: 1
  m_PreserveUVs: 1
  m_IgnoreNormalsForChartDetection: 0
  m_ImportantGI: 0
  m_SelectedEditorRenderState: 3
  m_MinimumChartSize: 4
  m_AutoUVMaxDistance: 0.5
  m_AutoUVMaxAngle: 89
  m_LightmapParameters: {fileID: 0}
  m_SortingLayerID: 0
  m_SortingLayer: 0
  m_SortingOrder: 0
--- !u!64 &1312865483
MeshCollider:
  m_ObjectHideFlags: 0
  m_PrefabParentObject: {fileID: 64353474298582054, guid: b81c5d559dc99954eadb560d3c4c2b36,
    type: 2}
  m_PrefabInternal: {fileID: 0}
  m_GameObject: {fileID: 1312865480}
  m_Material: {fileID: 0}
  m_IsTrigger: 0
  m_Enabled: 1
  serializedVersion: 2
  m_Convex: 0
  m_InflateMesh: 0
  m_SkinWidth: 0.01
  m_Mesh: {fileID: 10209, guid: 0000000000000000e000000000000000, type: 0}
--- !u!33 &1312865484
MeshFilter:
  m_ObjectHideFlags: 0
  m_PrefabParentObject: {fileID: 33730082107639576, guid: b81c5d559dc99954eadb560d3c4c2b36,
    type: 2}
  m_PrefabInternal: {fileID: 0}
  m_GameObject: {fileID: 1312865480}
  m_Mesh: {fileID: 10209, guid: 0000000000000000e000000000000000, type: 0}
--- !u!1 &1386523088
GameObject:
  m_ObjectHideFlags: 0
  m_PrefabParentObject: {fileID: 1217961427288708, guid: 05c7c9868e03a6343b9e100a8b322c9c,
    type: 2}
  m_PrefabInternal: {fileID: 0}
  serializedVersion: 5
  m_Component:
  - component: {fileID: 1386523089}
  - component: {fileID: 1386523091}
  - component: {fileID: 1386523090}
  m_Layer: 0
  m_Name: telescope l0 (1)
  m_TagString: Untagged
  m_Icon: {fileID: 0}
  m_NavMeshLayer: 0
  m_StaticEditorFlags: 0
  m_IsActive: 1
--- !u!4 &1386523089
Transform:
  m_ObjectHideFlags: 0
  m_PrefabParentObject: {fileID: 4104016530148440, guid: 05c7c9868e03a6343b9e100a8b322c9c,
    type: 2}
  m_PrefabInternal: {fileID: 0}
  m_GameObject: {fileID: 1386523088}
  m_LocalRotation: {x: -0.18301456, y: 0.68301225, z: 0.68301225, w: 0.18301456}
  m_LocalPosition: {x: -485.2, y: -0.2, z: 91.8}
  m_LocalScale: {x: 6.451628, y: 6.4516306, z: 6.4516296}
  m_Children: []
  m_Father: {fileID: 1569968112}
  m_RootOrder: 3
  m_LocalEulerAnglesHint: {x: -90.00001, y: 0, z: 150}
--- !u!23 &1386523090
MeshRenderer:
  m_ObjectHideFlags: 0
  m_PrefabParentObject: {fileID: 23623630347117436, guid: 05c7c9868e03a6343b9e100a8b322c9c,
    type: 2}
  m_PrefabInternal: {fileID: 0}
  m_GameObject: {fileID: 1386523088}
  m_Enabled: 1
  m_CastShadows: 1
  m_ReceiveShadows: 1
  m_MotionVectors: 1
  m_LightProbeUsage: 1
  m_ReflectionProbeUsage: 1
  m_Materials:
  - {fileID: 2100000, guid: 6a59e105af024ce43993620a71ba43dd, type: 2}
  m_StaticBatchInfo:
    firstSubMesh: 0
    subMeshCount: 0
  m_StaticBatchRoot: {fileID: 0}
  m_ProbeAnchor: {fileID: 0}
  m_LightProbeVolumeOverride: {fileID: 0}
  m_ScaleInLightmap: 1
  m_PreserveUVs: 0
  m_IgnoreNormalsForChartDetection: 0
  m_ImportantGI: 0
  m_SelectedEditorRenderState: 3
  m_MinimumChartSize: 4
  m_AutoUVMaxDistance: 0.5
  m_AutoUVMaxAngle: 89
  m_LightmapParameters: {fileID: 0}
  m_SortingLayerID: 0
  m_SortingLayer: 0
  m_SortingOrder: 0
--- !u!33 &1386523091
MeshFilter:
  m_ObjectHideFlags: 0
  m_PrefabParentObject: {fileID: 33984708039961212, guid: 05c7c9868e03a6343b9e100a8b322c9c,
    type: 2}
  m_PrefabInternal: {fileID: 0}
  m_GameObject: {fileID: 1386523088}
  m_Mesh: {fileID: 4300000, guid: c5b29d8dffbcb9d49b6c16974b59d39f, type: 3}
--- !u!1 &1396523004
GameObject:
  m_ObjectHideFlags: 0
  m_PrefabParentObject: {fileID: 1930399237411876, guid: b81c5d559dc99954eadb560d3c4c2b36,
    type: 2}
  m_PrefabInternal: {fileID: 0}
  serializedVersion: 5
  m_Component:
  - component: {fileID: 1396523005}
  - component: {fileID: 1396523008}
  - component: {fileID: 1396523007}
  - component: {fileID: 1396523006}
  m_Layer: 0
  m_Name: Wall
  m_TagString: Untagged
  m_Icon: {fileID: 0}
  m_NavMeshLayer: 0
  m_StaticEditorFlags: 0
  m_IsActive: 1
--- !u!4 &1396523005
Transform:
  m_ObjectHideFlags: 0
  m_PrefabParentObject: {fileID: 4514251553257974, guid: b81c5d559dc99954eadb560d3c4c2b36,
    type: 2}
  m_PrefabInternal: {fileID: 0}
  m_GameObject: {fileID: 1396523004}
  m_LocalRotation: {x: -0.5000007, y: -0.4999993, z: -0.4999993, w: 0.5000007}
  m_LocalPosition: {x: 5.24, y: 6.4059, z: -8.2}
  m_LocalScale: {x: 1.4326389, y: 1.4326415, z: 1.4326406}
  m_Children: []
  m_Father: {fileID: 1025386895}
  m_RootOrder: 7
  m_LocalEulerAnglesHint: {x: -90.00001, y: 0, z: -90.00001}
--- !u!95 &1396523006
Animator:
  serializedVersion: 3
  m_ObjectHideFlags: 0
  m_PrefabParentObject: {fileID: 95204712892444068, guid: b81c5d559dc99954eadb560d3c4c2b36,
    type: 2}
  m_PrefabInternal: {fileID: 0}
  m_GameObject: {fileID: 1396523004}
  m_Enabled: 1
  m_Avatar: {fileID: 9000000, guid: 77784be2347b89847a6cfea5f8b8a009, type: 3}
  m_Controller: {fileID: 0}
  m_CullingMode: 0
  m_UpdateMode: 0
  m_ApplyRootMotion: 0
  m_LinearVelocityBlending: 0
  m_WarningMessage: 
  m_HasTransformHierarchy: 1
  m_AllowConstantClipSamplingOptimization: 1
--- !u!23 &1396523007
MeshRenderer:
  m_ObjectHideFlags: 0
  m_PrefabParentObject: {fileID: 23445096927946636, guid: b81c5d559dc99954eadb560d3c4c2b36,
    type: 2}
  m_PrefabInternal: {fileID: 0}
  m_GameObject: {fileID: 1396523004}
  m_Enabled: 1
  m_CastShadows: 1
  m_ReceiveShadows: 1
  m_MotionVectors: 1
  m_LightProbeUsage: 1
  m_ReflectionProbeUsage: 1
  m_Materials:
  - {fileID: 2100000, guid: 782694d20b0947a459c671c2a1015119, type: 2}
  - {fileID: 2100000, guid: ab2a92eb898207d40b6dd52927f2514f, type: 2}
  - {fileID: 2100000, guid: 9a2458bc597c0834e9f325aba226dabb, type: 2}
  m_StaticBatchInfo:
    firstSubMesh: 0
    subMeshCount: 0
  m_StaticBatchRoot: {fileID: 0}
  m_ProbeAnchor: {fileID: 0}
  m_LightProbeVolumeOverride: {fileID: 0}
  m_ScaleInLightmap: 1
  m_PreserveUVs: 0
  m_IgnoreNormalsForChartDetection: 0
  m_ImportantGI: 0
  m_SelectedEditorRenderState: 3
  m_MinimumChartSize: 4
  m_AutoUVMaxDistance: 0.5
  m_AutoUVMaxAngle: 89
  m_LightmapParameters: {fileID: 0}
  m_SortingLayerID: 0
  m_SortingLayer: 0
  m_SortingOrder: 0
--- !u!33 &1396523008
MeshFilter:
  m_ObjectHideFlags: 0
  m_PrefabParentObject: {fileID: 33688992997423346, guid: b81c5d559dc99954eadb560d3c4c2b36,
    type: 2}
  m_PrefabInternal: {fileID: 0}
  m_GameObject: {fileID: 1396523004}
  m_Mesh: {fileID: 4300000, guid: 77784be2347b89847a6cfea5f8b8a009, type: 3}
--- !u!1 &1404546112
GameObject:
  m_ObjectHideFlags: 0
  m_PrefabParentObject: {fileID: 1312942838840414, guid: b81c5d559dc99954eadb560d3c4c2b36,
    type: 2}
  m_PrefabInternal: {fileID: 0}
  serializedVersion: 5
  m_Component:
  - component: {fileID: 1404546113}
  - component: {fileID: 1404546115}
  - component: {fileID: 1404546114}
  m_Layer: 0
  m_Name: door
  m_TagString: Untagged
  m_Icon: {fileID: 0}
  m_NavMeshLayer: 0
  m_StaticEditorFlags: 0
  m_IsActive: 1
--- !u!4 &1404546113
Transform:
  m_ObjectHideFlags: 0
  m_PrefabParentObject: {fileID: 4478887004440754, guid: b81c5d559dc99954eadb560d3c4c2b36,
    type: 2}
  m_PrefabInternal: {fileID: 0}
  m_GameObject: {fileID: 1404546112}
  m_LocalRotation: {x: -0, y: -0.00000008940697, z: 0.77280873, w: 0.6346391}
  m_LocalPosition: {x: 0.59045696, y: -0.10259916, z: 1.2338661}
  m_LocalScale: {x: 1, y: 1, z: 1}
  m_Children: []
  m_Father: {fileID: 2111524745}
  m_RootOrder: 0
  m_LocalEulerAnglesHint: {x: 0, y: 0, z: 101.214005}
--- !u!23 &1404546114
MeshRenderer:
  m_ObjectHideFlags: 0
  m_PrefabParentObject: {fileID: 23094811884218902, guid: b81c5d559dc99954eadb560d3c4c2b36,
    type: 2}
  m_PrefabInternal: {fileID: 0}
  m_GameObject: {fileID: 1404546112}
  m_Enabled: 1
  m_CastShadows: 1
  m_ReceiveShadows: 1
  m_MotionVectors: 1
  m_LightProbeUsage: 1
  m_ReflectionProbeUsage: 1
  m_Materials:
  - {fileID: 2100000, guid: 980d1fd306b19a94db38fcd0c09028c7, type: 2}
  - {fileID: 2100000, guid: ba8825cf8a8fc9b4aa24060348c2155d, type: 2}
  m_StaticBatchInfo:
    firstSubMesh: 0
    subMeshCount: 0
  m_StaticBatchRoot: {fileID: 0}
  m_ProbeAnchor: {fileID: 0}
  m_LightProbeVolumeOverride: {fileID: 0}
  m_ScaleInLightmap: 1
  m_PreserveUVs: 0
  m_IgnoreNormalsForChartDetection: 0
  m_ImportantGI: 0
  m_SelectedEditorRenderState: 3
  m_MinimumChartSize: 4
  m_AutoUVMaxDistance: 0.5
  m_AutoUVMaxAngle: 89
  m_LightmapParameters: {fileID: 0}
  m_SortingLayerID: 0
  m_SortingLayer: 0
  m_SortingOrder: 0
--- !u!33 &1404546115
MeshFilter:
  m_ObjectHideFlags: 0
  m_PrefabParentObject: {fileID: 33331976259373554, guid: b81c5d559dc99954eadb560d3c4c2b36,
    type: 2}
  m_PrefabInternal: {fileID: 0}
  m_GameObject: {fileID: 1404546112}
  m_Mesh: {fileID: 4300002, guid: a19b3aaadc1a3ee4dbb18bb87471102b, type: 3}
--- !u!1 &1477712936
GameObject:
  m_ObjectHideFlags: 0
  m_PrefabParentObject: {fileID: 1852554140535706, guid: 05c7c9868e03a6343b9e100a8b322c9c,
    type: 2}
  m_PrefabInternal: {fileID: 0}
  serializedVersion: 5
  m_Component:
  - component: {fileID: 1477712937}
  - component: {fileID: 1477712939}
  - component: {fileID: 1477712938}
  m_Layer: 0
  m_Name: Plane005
  m_TagString: Untagged
  m_Icon: {fileID: 0}
  m_NavMeshLayer: 0
  m_StaticEditorFlags: 0
  m_IsActive: 1
--- !u!4 &1477712937
Transform:
  m_ObjectHideFlags: 0
  m_PrefabParentObject: {fileID: 4364721725871454, guid: 05c7c9868e03a6343b9e100a8b322c9c,
    type: 2}
  m_PrefabInternal: {fileID: 0}
  m_GameObject: {fileID: 1477712936}
  m_LocalRotation: {x: 0, y: 0, z: 0.04361938, w: 0.99904823}
  m_LocalPosition: {x: 1.4034966, y: -0.5481107, z: 2.6443717}
  m_LocalScale: {x: 1, y: 1, z: 1}
  m_Children: []
  m_Father: {fileID: 762236198}
  m_RootOrder: 1
  m_LocalEulerAnglesHint: {x: 0, y: 0, z: 0}
--- !u!23 &1477712938
MeshRenderer:
  m_ObjectHideFlags: 0
  m_PrefabParentObject: {fileID: 23547040125953202, guid: 05c7c9868e03a6343b9e100a8b322c9c,
    type: 2}
  m_PrefabInternal: {fileID: 0}
  m_GameObject: {fileID: 1477712936}
  m_Enabled: 1
  m_CastShadows: 1
  m_ReceiveShadows: 1
  m_MotionVectors: 1
  m_LightProbeUsage: 1
  m_ReflectionProbeUsage: 1
  m_Materials:
  - {fileID: 2100000, guid: 3aa7f0b74004df3429426e8ba86a7716, type: 2}
  m_StaticBatchInfo:
    firstSubMesh: 0
    subMeshCount: 0
  m_StaticBatchRoot: {fileID: 0}
  m_ProbeAnchor: {fileID: 0}
  m_LightProbeVolumeOverride: {fileID: 0}
  m_ScaleInLightmap: 1
  m_PreserveUVs: 0
  m_IgnoreNormalsForChartDetection: 0
  m_ImportantGI: 0
  m_SelectedEditorRenderState: 3
  m_MinimumChartSize: 4
  m_AutoUVMaxDistance: 0.5
  m_AutoUVMaxAngle: 89
  m_LightmapParameters: {fileID: 0}
  m_SortingLayerID: 0
  m_SortingLayer: 0
  m_SortingOrder: 0
--- !u!33 &1477712939
MeshFilter:
  m_ObjectHideFlags: 0
  m_PrefabParentObject: {fileID: 33061383479556882, guid: 05c7c9868e03a6343b9e100a8b322c9c,
    type: 2}
  m_PrefabInternal: {fileID: 0}
  m_GameObject: {fileID: 1477712936}
  m_Mesh: {fileID: 4300004, guid: d6a344960ebeb124e9cd6bc5d0048ec4, type: 3}
--- !u!1 &1524532117
GameObject:
  m_ObjectHideFlags: 0
  m_PrefabParentObject: {fileID: 1202561344905308, guid: b81c5d559dc99954eadb560d3c4c2b36,
    type: 2}
  m_PrefabInternal: {fileID: 0}
  serializedVersion: 5
  m_Component:
  - component: {fileID: 1524532118}
  - component: {fileID: 1524532120}
  - component: {fileID: 1524532119}
  m_Layer: 0
  m_Name: Object533
  m_TagString: Untagged
  m_Icon: {fileID: 0}
  m_NavMeshLayer: 0
  m_StaticEditorFlags: 0
  m_IsActive: 1
--- !u!4 &1524532118
Transform:
  m_ObjectHideFlags: 0
  m_PrefabParentObject: {fileID: 4241235434806464, guid: b81c5d559dc99954eadb560d3c4c2b36,
    type: 2}
  m_PrefabInternal: {fileID: 0}
  m_GameObject: {fileID: 1524532117}
  m_LocalRotation: {x: 0, y: 0, z: 0.7071068, w: 0.7071068}
  m_LocalPosition: {x: -21.073101, y: -0.46623036, z: -0.19}
  m_LocalScale: {x: 1, y: 1, z: 1}
  m_Children: []
  m_Father: {fileID: 1266199196}
  m_RootOrder: 0
  m_LocalEulerAnglesHint: {x: 0, y: 0, z: 0}
--- !u!23 &1524532119
MeshRenderer:
  m_ObjectHideFlags: 0
  m_PrefabParentObject: {fileID: 23059930650732028, guid: b81c5d559dc99954eadb560d3c4c2b36,
    type: 2}
  m_PrefabInternal: {fileID: 0}
  m_GameObject: {fileID: 1524532117}
  m_Enabled: 1
  m_CastShadows: 1
  m_ReceiveShadows: 1
  m_MotionVectors: 1
  m_LightProbeUsage: 1
  m_ReflectionProbeUsage: 1
  m_Materials:
  - {fileID: 2100000, guid: 284c4a88a9d82314d9c47a5c5500ff34, type: 2}
  - {fileID: 2100000, guid: af829d681d2c82f4795541422ad295c8, type: 2}
  m_StaticBatchInfo:
    firstSubMesh: 0
    subMeshCount: 0
  m_StaticBatchRoot: {fileID: 0}
  m_ProbeAnchor: {fileID: 0}
  m_LightProbeVolumeOverride: {fileID: 0}
  m_ScaleInLightmap: 1
  m_PreserveUVs: 0
  m_IgnoreNormalsForChartDetection: 0
  m_ImportantGI: 0
  m_SelectedEditorRenderState: 3
  m_MinimumChartSize: 4
  m_AutoUVMaxDistance: 0.5
  m_AutoUVMaxAngle: 89
  m_LightmapParameters: {fileID: 0}
  m_SortingLayerID: 0
  m_SortingLayer: 0
  m_SortingOrder: 0
--- !u!33 &1524532120
MeshFilter:
  m_ObjectHideFlags: 0
  m_PrefabParentObject: {fileID: 33711967098235060, guid: b81c5d559dc99954eadb560d3c4c2b36,
    type: 2}
  m_PrefabInternal: {fileID: 0}
  m_GameObject: {fileID: 1524532117}
  m_Mesh: {fileID: 4300002, guid: 6a1eaa3a1a37d724dab31317d37b1c7a, type: 3}
--- !u!4 &1569968112 stripped
Transform:
  m_PrefabParentObject: {fileID: 4215050618081624, guid: 05c7c9868e03a6343b9e100a8b322c9c,
    type: 2}
  m_PrefabInternal: {fileID: 86687448}
--- !u!1 &1643168607
GameObject:
  m_ObjectHideFlags: 0
  m_PrefabParentObject: {fileID: 1971166716841264, guid: b81c5d559dc99954eadb560d3c4c2b36,
    type: 2}
  m_PrefabInternal: {fileID: 0}
  serializedVersion: 5
  m_Component:
  - component: {fileID: 1643168608}
  - component: {fileID: 1643168611}
  - component: {fileID: 1643168610}
  - component: {fileID: 1643168609}
  m_Layer: 0
  m_Name: BackWall
  m_TagString: Untagged
  m_Icon: {fileID: 0}
  m_NavMeshLayer: 0
  m_StaticEditorFlags: 0
  m_IsActive: 1
--- !u!4 &1643168608
Transform:
  m_ObjectHideFlags: 0
  m_PrefabParentObject: {fileID: 4380615803337512, guid: b81c5d559dc99954eadb560d3c4c2b36,
    type: 2}
  m_PrefabInternal: {fileID: 0}
  m_GameObject: {fileID: 1643168607}
  m_LocalRotation: {x: -0.0000020191073, y: -0.7071068, z: -0.7071068, w: 0.0000020191073}
  m_LocalPosition: {x: -1.5408401, y: 6.43, z: 1.8}
  m_LocalScale: {x: 1.4326413, y: 1.432641, z: 1.432641}
  m_Children: []
  m_Father: {fileID: 1025386895}
  m_RootOrder: 13
  m_LocalEulerAnglesHint: {x: -90.00001, y: 0, z: -180.00002}
--- !u!95 &1643168609
Animator:
  serializedVersion: 3
  m_ObjectHideFlags: 0
  m_PrefabParentObject: {fileID: 95981827093846256, guid: b81c5d559dc99954eadb560d3c4c2b36,
    type: 2}
  m_PrefabInternal: {fileID: 0}
  m_GameObject: {fileID: 1643168607}
  m_Enabled: 1
  m_Avatar: {fileID: 9000000, guid: 6419011ddd7448b4abdb95a7038e68a4, type: 3}
  m_Controller: {fileID: 0}
  m_CullingMode: 0
  m_UpdateMode: 0
  m_ApplyRootMotion: 0
  m_LinearVelocityBlending: 0
  m_WarningMessage: 
  m_HasTransformHierarchy: 1
  m_AllowConstantClipSamplingOptimization: 1
--- !u!23 &1643168610
MeshRenderer:
  m_ObjectHideFlags: 0
  m_PrefabParentObject: {fileID: 23770199743420336, guid: b81c5d559dc99954eadb560d3c4c2b36,
    type: 2}
  m_PrefabInternal: {fileID: 0}
  m_GameObject: {fileID: 1643168607}
  m_Enabled: 1
  m_CastShadows: 1
  m_ReceiveShadows: 1
  m_MotionVectors: 1
  m_LightProbeUsage: 1
  m_ReflectionProbeUsage: 1
  m_Materials:
  - {fileID: 2100000, guid: 782694d20b0947a459c671c2a1015119, type: 2}
  - {fileID: 2100000, guid: ab2a92eb898207d40b6dd52927f2514f, type: 2}
  - {fileID: 2100000, guid: 9a2458bc597c0834e9f325aba226dabb, type: 2}
  m_StaticBatchInfo:
    firstSubMesh: 0
    subMeshCount: 0
  m_StaticBatchRoot: {fileID: 0}
  m_ProbeAnchor: {fileID: 0}
  m_LightProbeVolumeOverride: {fileID: 0}
  m_ScaleInLightmap: 1
  m_PreserveUVs: 0
  m_IgnoreNormalsForChartDetection: 0
  m_ImportantGI: 0
  m_SelectedEditorRenderState: 3
  m_MinimumChartSize: 4
  m_AutoUVMaxDistance: 0.5
  m_AutoUVMaxAngle: 89
  m_LightmapParameters: {fileID: 0}
  m_SortingLayerID: 0
  m_SortingLayer: 0
  m_SortingOrder: 0
--- !u!33 &1643168611
MeshFilter:
  m_ObjectHideFlags: 0
  m_PrefabParentObject: {fileID: 33156871879450276, guid: b81c5d559dc99954eadb560d3c4c2b36,
    type: 2}
  m_PrefabInternal: {fileID: 0}
  m_GameObject: {fileID: 1643168607}
  m_Mesh: {fileID: 4300000, guid: 6419011ddd7448b4abdb95a7038e68a4, type: 3}
--- !u!1 &1727856918
GameObject:
  m_ObjectHideFlags: 0
  m_PrefabParentObject: {fileID: 0}
  m_PrefabInternal: {fileID: 0}
  serializedVersion: 5
  m_Component:
  - component: {fileID: 1727856922}
  - component: {fileID: 1727856921}
  - component: {fileID: 1727856920}
  - component: {fileID: 1727856919}
  - component: {fileID: 1727856923}
  m_Layer: 0
  m_Name: Main Camera
  m_TagString: MainCamera
  m_Icon: {fileID: 0}
  m_NavMeshLayer: 0
  m_StaticEditorFlags: 0
  m_IsActive: 1
--- !u!81 &1727856919
AudioListener:
  m_ObjectHideFlags: 0
  m_PrefabParentObject: {fileID: 0}
  m_PrefabInternal: {fileID: 0}
  m_GameObject: {fileID: 1727856918}
  m_Enabled: 1
--- !u!124 &1727856920
Behaviour:
  m_ObjectHideFlags: 0
  m_PrefabParentObject: {fileID: 0}
  m_PrefabInternal: {fileID: 0}
  m_GameObject: {fileID: 1727856918}
  m_Enabled: 1
--- !u!20 &1727856921
Camera:
  m_ObjectHideFlags: 0
  m_PrefabParentObject: {fileID: 0}
  m_PrefabInternal: {fileID: 0}
  m_GameObject: {fileID: 1727856918}
  m_Enabled: 1
  serializedVersion: 2
  m_ClearFlags: 1
  m_BackGroundColor: {r: 0, g: 0, b: 0, a: 0}
  m_NormalizedViewPortRect:
    serializedVersion: 2
    x: 0
    y: 0
    width: 1
    height: 1
  near clip plane: 0.3
  far clip plane: 1000
  field of view: 60
  orthographic: 0
  orthographic size: 5
  m_Depth: -1
  m_CullingMask:
    serializedVersion: 2
    m_Bits: 4294967295
  m_RenderingPath: -1
  m_TargetTexture: {fileID: 0}
  m_TargetDisplay: 0
  m_TargetEye: 3
  m_HDR: 1
  m_AllowMSAA: 1
  m_ForceIntoRT: 0
  m_OcclusionCulling: 1
  m_StereoConvergence: 10
  m_StereoSeparation: 0.022
  m_StereoMirrorMode: 0
--- !u!4 &1727856922
Transform:
  m_ObjectHideFlags: 0
  m_PrefabParentObject: {fileID: 0}
  m_PrefabInternal: {fileID: 0}
  m_GameObject: {fileID: 1727856918}
  m_LocalRotation: {x: -0, y: -0, z: -0, w: 1}
  m_LocalPosition: {x: 0, y: 0, z: 0}
  m_LocalScale: {x: 1, y: 1, z: 1}
  m_Children:
  - {fileID: 372939317}
  m_Father: {fileID: 122584169}
  m_RootOrder: 0
  m_LocalEulerAnglesHint: {x: 0, y: 157.00201, z: 0}
--- !u!114 &1727856923
MonoBehaviour:
  m_ObjectHideFlags: 0
  m_PrefabParentObject: {fileID: 0}
  m_PrefabInternal: {fileID: 0}
  m_GameObject: {fileID: 1727856918}
  m_Enabled: 1
  m_EditorHideFlags: 0
  m_Script: {fileID: 11500000, guid: 201a67bc765881447bef8117b4219c69, type: 3}
  m_Name: 
  m_EditorClassIdentifier: 
  sensitivity: 5
  smoothness: 2
  minYClamp: -20
  maxYClamp: 50
  minXClamp: 70
  maxXClamp: 270
  maxPeripheral: 700
  minPeripheral: 100
  minPercentage: 0
  maxPercentage: 1
  MonsterFadeCurve:
    serializedVersion: 2
    m_Curve: []
    m_PreInfinity: 2
    m_PostInfinity: 2
    m_RotationOrder: 4
--- !u!1 &1774197111
GameObject:
  m_ObjectHideFlags: 0
  m_PrefabParentObject: {fileID: 1804867040341978, guid: b81c5d559dc99954eadb560d3c4c2b36,
    type: 2}
  m_PrefabInternal: {fileID: 0}
  serializedVersion: 5
  m_Component:
  - component: {fileID: 1774197112}
  - component: {fileID: 1774197115}
  - component: {fileID: 1774197114}
  - component: {fileID: 1774197113}
  m_Layer: 0
  m_Name: Floor (1)
  m_TagString: Untagged
  m_Icon: {fileID: 0}
  m_NavMeshLayer: 0
  m_StaticEditorFlags: 0
  m_IsActive: 1
--- !u!4 &1774197112
Transform:
  m_ObjectHideFlags: 0
  m_PrefabParentObject: {fileID: 4192208165547234, guid: b81c5d559dc99954eadb560d3c4c2b36,
    type: 2}
  m_PrefabInternal: {fileID: 0}
  m_GameObject: {fileID: 1774197111}
  m_LocalRotation: {x: -0, y: -0.70710576, z: -0, w: 0.70710784}
  m_LocalPosition: {x: -14.326, y: 0, z: 0.000041962}
  m_LocalScale: {x: 1.43264, y: 1.43264, z: 1.4326398}
  m_Children: []
  m_Father: {fileID: 1025386895}
  m_RootOrder: 1
  m_LocalEulerAnglesHint: {x: 0, y: -90.00001, z: 0}
--- !u!23 &1774197113
MeshRenderer:
  m_ObjectHideFlags: 0
  m_PrefabParentObject: {fileID: 23859758333259068, guid: b81c5d559dc99954eadb560d3c4c2b36,
    type: 2}
  m_PrefabInternal: {fileID: 0}
  m_GameObject: {fileID: 1774197111}
  m_Enabled: 1
  m_CastShadows: 1
  m_ReceiveShadows: 1
  m_MotionVectors: 1
  m_LightProbeUsage: 1
  m_ReflectionProbeUsage: 1
  m_Materials:
  - {fileID: 2100000, guid: ed1f10638cb5abc4e9fd23c341f5c75b, type: 2}
  m_StaticBatchInfo:
    firstSubMesh: 0
    subMeshCount: 0
  m_StaticBatchRoot: {fileID: 0}
  m_ProbeAnchor: {fileID: 0}
  m_LightProbeVolumeOverride: {fileID: 0}
  m_ScaleInLightmap: 1
  m_PreserveUVs: 1
  m_IgnoreNormalsForChartDetection: 0
  m_ImportantGI: 0
  m_SelectedEditorRenderState: 3
  m_MinimumChartSize: 4
  m_AutoUVMaxDistance: 0.5
  m_AutoUVMaxAngle: 89
  m_LightmapParameters: {fileID: 0}
  m_SortingLayerID: 0
  m_SortingLayer: 0
  m_SortingOrder: 0
--- !u!64 &1774197114
MeshCollider:
  m_ObjectHideFlags: 0
  m_PrefabParentObject: {fileID: 64353474298582054, guid: b81c5d559dc99954eadb560d3c4c2b36,
    type: 2}
  m_PrefabInternal: {fileID: 0}
  m_GameObject: {fileID: 1774197111}
  m_Material: {fileID: 0}
  m_IsTrigger: 0
  m_Enabled: 1
  serializedVersion: 2
  m_Convex: 0
  m_InflateMesh: 0
  m_SkinWidth: 0.01
  m_Mesh: {fileID: 10209, guid: 0000000000000000e000000000000000, type: 0}
--- !u!33 &1774197115
MeshFilter:
  m_ObjectHideFlags: 0
  m_PrefabParentObject: {fileID: 33730082107639576, guid: b81c5d559dc99954eadb560d3c4c2b36,
    type: 2}
  m_PrefabInternal: {fileID: 0}
  m_GameObject: {fileID: 1774197111}
  m_Mesh: {fileID: 10209, guid: 0000000000000000e000000000000000, type: 0}
--- !u!1 &1780901676
GameObject:
  m_ObjectHideFlags: 0
  m_PrefabParentObject: {fileID: 1630633916642572, guid: 05c7c9868e03a6343b9e100a8b322c9c,
    type: 2}
  m_PrefabInternal: {fileID: 0}
  serializedVersion: 5
  m_Component:
  - component: {fileID: 1780901677}
  - component: {fileID: 1780901679}
  - component: {fileID: 1780901678}
  m_Layer: 0
  m_Name: fan l0 (1)
  m_TagString: Untagged
  m_Icon: {fileID: 0}
  m_NavMeshLayer: 0
  m_StaticEditorFlags: 0
  m_IsActive: 1
--- !u!4 &1780901677
Transform:
  m_ObjectHideFlags: 0
  m_PrefabParentObject: {fileID: 4944876570342736, guid: 05c7c9868e03a6343b9e100a8b322c9c,
    type: 2}
  m_PrefabInternal: {fileID: 0}
  m_GameObject: {fileID: 1780901676}
  m_LocalRotation: {x: -0.7071068, y: -0, z: -0, w: 0.7071068}
  m_LocalPosition: {x: -30.52, y: 6.49, z: -180.11}
  m_LocalScale: {x: 3.381278, y: 3.3812797, z: 2.121531}
  m_Children:
  - {fileID: 450859960}
  m_Father: {fileID: 290406869}
  m_RootOrder: 4
  m_LocalEulerAnglesHint: {x: 0, y: 0, z: 0}
--- !u!23 &1780901678
MeshRenderer:
  m_ObjectHideFlags: 0
  m_PrefabParentObject: {fileID: 23037013613291160, guid: 05c7c9868e03a6343b9e100a8b322c9c,
    type: 2}
  m_PrefabInternal: {fileID: 0}
  m_GameObject: {fileID: 1780901676}
  m_Enabled: 1
  m_CastShadows: 1
  m_ReceiveShadows: 1
  m_MotionVectors: 1
  m_LightProbeUsage: 1
  m_ReflectionProbeUsage: 1
  m_Materials:
  - {fileID: 2100000, guid: 69478e48569698d4297ad9e4ef5734c6, type: 2}
  m_StaticBatchInfo:
    firstSubMesh: 0
    subMeshCount: 0
  m_StaticBatchRoot: {fileID: 0}
  m_ProbeAnchor: {fileID: 0}
  m_LightProbeVolumeOverride: {fileID: 0}
  m_ScaleInLightmap: 1
  m_PreserveUVs: 0
  m_IgnoreNormalsForChartDetection: 0
  m_ImportantGI: 0
  m_SelectedEditorRenderState: 3
  m_MinimumChartSize: 4
  m_AutoUVMaxDistance: 0.5
  m_AutoUVMaxAngle: 89
  m_LightmapParameters: {fileID: 0}
  m_SortingLayerID: 0
  m_SortingLayer: 0
  m_SortingOrder: 0
--- !u!33 &1780901679
MeshFilter:
  m_ObjectHideFlags: 0
  m_PrefabParentObject: {fileID: 33153511181183452, guid: 05c7c9868e03a6343b9e100a8b322c9c,
    type: 2}
  m_PrefabInternal: {fileID: 0}
  m_GameObject: {fileID: 1780901676}
  m_Mesh: {fileID: 4300000, guid: 9311a2ba0cdd6ac45a5f22665150c31d, type: 3}
--- !u!1 &1823431454
GameObject:
  m_ObjectHideFlags: 0
  m_PrefabParentObject: {fileID: 1999863807308872, guid: b81c5d559dc99954eadb560d3c4c2b36,
    type: 2}
  m_PrefabInternal: {fileID: 0}
  serializedVersion: 5
  m_Component:
  - component: {fileID: 1823431455}
  - component: {fileID: 1823431458}
  - component: {fileID: 1823431457}
  - component: {fileID: 1823431456}
  m_Layer: 0
  m_Name: Roof (1)
  m_TagString: Untagged
  m_Icon: {fileID: 0}
  m_NavMeshLayer: 0
  m_StaticEditorFlags: 0
  m_IsActive: 1
--- !u!4 &1823431455
Transform:
  m_ObjectHideFlags: 0
  m_PrefabParentObject: {fileID: 4787259163115140, guid: b81c5d559dc99954eadb560d3c4c2b36,
    type: 2}
  m_PrefabInternal: {fileID: 0}
  m_GameObject: {fileID: 1823431454}
  m_LocalRotation: {x: 1, y: -0, z: -0, w: 0.0000029504295}
  m_LocalPosition: {x: 2.21, y: 12.93, z: -14.867999}
  m_LocalScale: {x: 1.1307673, y: 1.1307673, z: 1.1307673}
  m_Children: []
  m_Father: {fileID: 1025386895}
  m_RootOrder: 10
  m_LocalEulerAnglesHint: {x: 180, y: -0.000015258789, z: -0.000015258789}
--- !u!23 &1823431456
MeshRenderer:
  m_ObjectHideFlags: 0
  m_PrefabParentObject: {fileID: 23855905487009732, guid: b81c5d559dc99954eadb560d3c4c2b36,
    type: 2}
  m_PrefabInternal: {fileID: 0}
  m_GameObject: {fileID: 1823431454}
  m_Enabled: 1
  m_CastShadows: 1
  m_ReceiveShadows: 1
  m_MotionVectors: 1
  m_LightProbeUsage: 1
  m_ReflectionProbeUsage: 1
  m_Materials:
  - {fileID: 2100000, guid: 28ec1eadd555dde41971de52dc2f26b5, type: 2}
  m_StaticBatchInfo:
    firstSubMesh: 0
    subMeshCount: 0
  m_StaticBatchRoot: {fileID: 0}
  m_ProbeAnchor: {fileID: 0}
  m_LightProbeVolumeOverride: {fileID: 0}
  m_ScaleInLightmap: 1
  m_PreserveUVs: 1
  m_IgnoreNormalsForChartDetection: 0
  m_ImportantGI: 0
  m_SelectedEditorRenderState: 3
  m_MinimumChartSize: 4
  m_AutoUVMaxDistance: 0.5
  m_AutoUVMaxAngle: 89
  m_LightmapParameters: {fileID: 0}
  m_SortingLayerID: 0
  m_SortingLayer: 0
  m_SortingOrder: 0
--- !u!64 &1823431457
MeshCollider:
  m_ObjectHideFlags: 0
  m_PrefabParentObject: {fileID: 64388131945778288, guid: b81c5d559dc99954eadb560d3c4c2b36,
    type: 2}
  m_PrefabInternal: {fileID: 0}
  m_GameObject: {fileID: 1823431454}
  m_Material: {fileID: 0}
  m_IsTrigger: 0
  m_Enabled: 1
  serializedVersion: 2
  m_Convex: 0
  m_InflateMesh: 0
  m_SkinWidth: 0.01
  m_Mesh: {fileID: 10209, guid: 0000000000000000e000000000000000, type: 0}
--- !u!33 &1823431458
MeshFilter:
  m_ObjectHideFlags: 0
  m_PrefabParentObject: {fileID: 33631128793600918, guid: b81c5d559dc99954eadb560d3c4c2b36,
    type: 2}
  m_PrefabInternal: {fileID: 0}
  m_GameObject: {fileID: 1823431454}
  m_Mesh: {fileID: 10209, guid: 0000000000000000e000000000000000, type: 0}
--- !u!1 &1895870167
GameObject:
  m_ObjectHideFlags: 0
  m_PrefabParentObject: {fileID: 1762037642158966, guid: 05c7c9868e03a6343b9e100a8b322c9c,
    type: 2}
  m_PrefabInternal: {fileID: 0}
  serializedVersion: 5
  m_Component:
  - component: {fileID: 1895870168}
  - component: {fileID: 1895870170}
  - component: {fileID: 1895870169}
  m_Layer: 0
  m_Name: RockingHorse
  m_TagString: Untagged
  m_Icon: {fileID: 0}
  m_NavMeshLayer: 0
  m_StaticEditorFlags: 0
  m_IsActive: 1
--- !u!4 &1895870168
Transform:
  m_ObjectHideFlags: 0
  m_PrefabParentObject: {fileID: 4313909377358558, guid: 05c7c9868e03a6343b9e100a8b322c9c,
    type: 2}
  m_PrefabInternal: {fileID: 0}
  m_GameObject: {fileID: 1895870167}
  m_LocalRotation: {x: -0.6345012, y: -0.3121029, z: -0.3121029, w: 0.6345012}
  m_LocalPosition: {x: 2.23, y: 1.812, z: -14.66}
  m_LocalScale: {x: 0.29811025, y: 0.2981104, z: 0.30585584}
  m_Children: []
  m_Father: {fileID: 1025386895}
  m_RootOrder: 5
  m_LocalEulerAnglesHint: {x: -90.00001, y: 0, z: -52.384003}
--- !u!23 &1895870169
MeshRenderer:
  m_ObjectHideFlags: 0
  m_PrefabParentObject: {fileID: 23094635591301578, guid: 05c7c9868e03a6343b9e100a8b322c9c,
    type: 2}
  m_PrefabInternal: {fileID: 0}
  m_GameObject: {fileID: 1895870167}
  m_Enabled: 1
  m_CastShadows: 1
  m_ReceiveShadows: 1
  m_MotionVectors: 1
  m_LightProbeUsage: 1
  m_ReflectionProbeUsage: 1
  m_Materials:
  - {fileID: 2100000, guid: ed3e9bfe3d4c57942a614528844063fc, type: 2}
  m_StaticBatchInfo:
    firstSubMesh: 0
    subMeshCount: 0
  m_StaticBatchRoot: {fileID: 0}
  m_ProbeAnchor: {fileID: 0}
  m_LightProbeVolumeOverride: {fileID: 0}
  m_ScaleInLightmap: 1
  m_PreserveUVs: 0
  m_IgnoreNormalsForChartDetection: 0
  m_ImportantGI: 0
  m_SelectedEditorRenderState: 3
  m_MinimumChartSize: 4
  m_AutoUVMaxDistance: 0.5
  m_AutoUVMaxAngle: 89
  m_LightmapParameters: {fileID: 0}
  m_SortingLayerID: 0
  m_SortingLayer: 0
  m_SortingOrder: 0
--- !u!33 &1895870170
MeshFilter:
  m_ObjectHideFlags: 0
  m_PrefabParentObject: {fileID: 33336187385875418, guid: 05c7c9868e03a6343b9e100a8b322c9c,
    type: 2}
  m_PrefabInternal: {fileID: 0}
  m_GameObject: {fileID: 1895870167}
  m_Mesh: {fileID: 4300004, guid: fe25fc5a3aefdc14d9f79fa5e3ecd0c3, type: 3}
--- !u!1 &1945702106
GameObject:
  m_ObjectHideFlags: 0
  m_PrefabParentObject: {fileID: 1804867040341978, guid: b81c5d559dc99954eadb560d3c4c2b36,
    type: 2}
  m_PrefabInternal: {fileID: 0}
  serializedVersion: 5
  m_Component:
  - component: {fileID: 1945702107}
  - component: {fileID: 1945702110}
  - component: {fileID: 1945702109}
  - component: {fileID: 1945702108}
  m_Layer: 0
  m_Name: Floor (3)
  m_TagString: Untagged
  m_Icon: {fileID: 0}
  m_NavMeshLayer: 0
  m_StaticEditorFlags: 0
  m_IsActive: 1
--- !u!4 &1945702107
Transform:
  m_ObjectHideFlags: 0
  m_PrefabParentObject: {fileID: 4192208165547234, guid: b81c5d559dc99954eadb560d3c4c2b36,
    type: 2}
  m_PrefabInternal: {fileID: 0}
  m_GameObject: {fileID: 1945702106}
  m_LocalRotation: {x: -0, y: -0.70710576, z: -0, w: 0.70710784}
  m_LocalPosition: {x: -14.326, y: 0, z: -14.326}
  m_LocalScale: {x: 1.43264, y: 1.43264, z: 1.4326398}
  m_Children: []
  m_Father: {fileID: 1025386895}
  m_RootOrder: 3
  m_LocalEulerAnglesHint: {x: 0, y: -90.00001, z: 0}
--- !u!23 &1945702108
MeshRenderer:
  m_ObjectHideFlags: 0
  m_PrefabParentObject: {fileID: 23859758333259068, guid: b81c5d559dc99954eadb560d3c4c2b36,
    type: 2}
  m_PrefabInternal: {fileID: 0}
  m_GameObject: {fileID: 1945702106}
  m_Enabled: 1
  m_CastShadows: 1
  m_ReceiveShadows: 1
  m_MotionVectors: 1
  m_LightProbeUsage: 1
  m_ReflectionProbeUsage: 1
  m_Materials:
  - {fileID: 2100000, guid: ed1f10638cb5abc4e9fd23c341f5c75b, type: 2}
  m_StaticBatchInfo:
    firstSubMesh: 0
    subMeshCount: 0
  m_StaticBatchRoot: {fileID: 0}
  m_ProbeAnchor: {fileID: 0}
  m_LightProbeVolumeOverride: {fileID: 0}
  m_ScaleInLightmap: 1
  m_PreserveUVs: 1
  m_IgnoreNormalsForChartDetection: 0
  m_ImportantGI: 0
  m_SelectedEditorRenderState: 3
  m_MinimumChartSize: 4
  m_AutoUVMaxDistance: 0.5
  m_AutoUVMaxAngle: 89
  m_LightmapParameters: {fileID: 0}
  m_SortingLayerID: 0
  m_SortingLayer: 0
  m_SortingOrder: 0
--- !u!64 &1945702109
MeshCollider:
  m_ObjectHideFlags: 0
  m_PrefabParentObject: {fileID: 64353474298582054, guid: b81c5d559dc99954eadb560d3c4c2b36,
    type: 2}
  m_PrefabInternal: {fileID: 0}
  m_GameObject: {fileID: 1945702106}
  m_Material: {fileID: 0}
  m_IsTrigger: 0
  m_Enabled: 1
  serializedVersion: 2
  m_Convex: 0
  m_InflateMesh: 0
  m_SkinWidth: 0.01
  m_Mesh: {fileID: 10209, guid: 0000000000000000e000000000000000, type: 0}
--- !u!33 &1945702110
MeshFilter:
  m_ObjectHideFlags: 0
  m_PrefabParentObject: {fileID: 33730082107639576, guid: b81c5d559dc99954eadb560d3c4c2b36,
    type: 2}
  m_PrefabInternal: {fileID: 0}
  m_GameObject: {fileID: 1945702106}
  m_Mesh: {fileID: 10209, guid: 0000000000000000e000000000000000, type: 0}
--- !u!4 &2012838140 stripped
Transform:
  m_PrefabParentObject: {fileID: 4693010370778604, guid: b81c5d559dc99954eadb560d3c4c2b36,
    type: 2}
  m_PrefabInternal: {fileID: 121858123}
--- !u!1 &2040337728
GameObject:
  m_ObjectHideFlags: 0
  m_PrefabParentObject: {fileID: 1143500992034012, guid: 05c7c9868e03a6343b9e100a8b322c9c,
    type: 2}
  m_PrefabInternal: {fileID: 0}
  serializedVersion: 5
  m_Component:
  - component: {fileID: 2040337729}
  - component: {fileID: 2040337731}
  - component: {fileID: 2040337730}
  m_Layer: 0
  m_Name: Bed
  m_TagString: Untagged
  m_Icon: {fileID: 0}
  m_NavMeshLayer: 0
  m_StaticEditorFlags: 0
  m_IsActive: 1
--- !u!4 &2040337729
Transform:
  m_ObjectHideFlags: 0
  m_PrefabParentObject: {fileID: 4718813533026586, guid: 05c7c9868e03a6343b9e100a8b322c9c,
    type: 2}
  m_PrefabInternal: {fileID: 0}
  m_GameObject: {fileID: 2040337728}
  m_LocalRotation: {x: -0.0000020116568, y: -0.7071068, z: -0.7071068, w: 0.0000020116568}
  m_LocalPosition: {x: -7.22, y: -0.13, z: -2.94}
  m_LocalScale: {x: 4.2483416, y: 4.248356, z: 4.248356}
  m_Children: []
  m_Father: {fileID: 1025386895}
  m_RootOrder: 8
  m_LocalEulerAnglesHint: {x: -90.00001, y: 0, z: -180.00002}
--- !u!23 &2040337730
MeshRenderer:
  m_ObjectHideFlags: 0
  m_PrefabParentObject: {fileID: 23805972594733068, guid: 05c7c9868e03a6343b9e100a8b322c9c,
    type: 2}
  m_PrefabInternal: {fileID: 0}
  m_GameObject: {fileID: 2040337728}
  m_Enabled: 1
  m_CastShadows: 1
  m_ReceiveShadows: 1
  m_MotionVectors: 1
  m_LightProbeUsage: 1
  m_ReflectionProbeUsage: 1
  m_Materials:
  - {fileID: 2100000, guid: bc3a32ef759fff948ac1010b8d927b1c, type: 2}
  - {fileID: 2100000, guid: 2c9846e4c8c557c4d98cb429aef1214a, type: 2}
  m_StaticBatchInfo:
    firstSubMesh: 0
    subMeshCount: 0
  m_StaticBatchRoot: {fileID: 0}
  m_ProbeAnchor: {fileID: 0}
  m_LightProbeVolumeOverride: {fileID: 0}
  m_ScaleInLightmap: 1
  m_PreserveUVs: 0
  m_IgnoreNormalsForChartDetection: 0
  m_ImportantGI: 0
  m_SelectedEditorRenderState: 3
  m_MinimumChartSize: 4
  m_AutoUVMaxDistance: 0.5
  m_AutoUVMaxAngle: 89
  m_LightmapParameters: {fileID: 0}
  m_SortingLayerID: 0
  m_SortingLayer: 0
  m_SortingOrder: 0
--- !u!33 &2040337731
MeshFilter:
  m_ObjectHideFlags: 0
  m_PrefabParentObject: {fileID: 33303614580161914, guid: 05c7c9868e03a6343b9e100a8b322c9c,
    type: 2}
  m_PrefabInternal: {fileID: 0}
  m_GameObject: {fileID: 2040337728}
  m_Mesh: {fileID: 4300004, guid: 91e14d25353d7b34192ce89121c8b45a, type: 3}
--- !u!1001 &2049311099
Prefab:
  m_ObjectHideFlags: 0
  serializedVersion: 2
  m_Modification:
    m_TransformParent: {fileID: 0}
    m_Modifications:
    - target: {fileID: 400000, guid: 1d0b65d95c63e0946988a5eba345d926, type: 3}
      propertyPath: m_LocalPosition.x
      value: -7.07
      objectReference: {fileID: 0}
    - target: {fileID: 400000, guid: 1d0b65d95c63e0946988a5eba345d926, type: 3}
      propertyPath: m_LocalPosition.y
      value: 0.67
      objectReference: {fileID: 0}
    - target: {fileID: 400000, guid: 1d0b65d95c63e0946988a5eba345d926, type: 3}
      propertyPath: m_LocalPosition.z
      value: -3.9759927
      objectReference: {fileID: 0}
    - target: {fileID: 400000, guid: 1d0b65d95c63e0946988a5eba345d926, type: 3}
      propertyPath: m_LocalRotation.x
      value: 0
      objectReference: {fileID: 0}
    - target: {fileID: 400000, guid: 1d0b65d95c63e0946988a5eba345d926, type: 3}
      propertyPath: m_LocalRotation.y
      value: -0
      objectReference: {fileID: 0}
    - target: {fileID: 400000, guid: 1d0b65d95c63e0946988a5eba345d926, type: 3}
      propertyPath: m_LocalRotation.z
      value: -0
      objectReference: {fileID: 0}
    - target: {fileID: 400000, guid: 1d0b65d95c63e0946988a5eba345d926, type: 3}
      propertyPath: m_LocalRotation.w
      value: 1
      objectReference: {fileID: 0}
    - target: {fileID: 400000, guid: 1d0b65d95c63e0946988a5eba345d926, type: 3}
      propertyPath: m_RootOrder
      value: 1
      objectReference: {fileID: 0}
    - target: {fileID: 400002, guid: 1d0b65d95c63e0946988a5eba345d926, type: 3}
      propertyPath: m_LocalRotation.x
      value: -0.20795523
      objectReference: {fileID: 0}
    - target: {fileID: 400002, guid: 1d0b65d95c63e0946988a5eba345d926, type: 3}
      propertyPath: m_LocalRotation.w
      value: 0.9781384
      objectReference: {fileID: 0}
    - target: {fileID: 400002, guid: 1d0b65d95c63e0946988a5eba345d926, type: 3}
      propertyPath: m_LocalPosition.x
      value: 0
      objectReference: {fileID: 0}
    - target: {fileID: 400002, guid: 1d0b65d95c63e0946988a5eba345d926, type: 3}
      propertyPath: m_LocalPosition.y
      value: -0.37411714
      objectReference: {fileID: 0}
    - target: {fileID: 400002, guid: 1d0b65d95c63e0946988a5eba345d926, type: 3}
      propertyPath: m_LocalPosition.z
      value: 0.38439822
      objectReference: {fileID: 0}
    - target: {fileID: 400002, guid: 1d0b65d95c63e0946988a5eba345d926, type: 3}
      propertyPath: m_LocalEulerAnglesHint.x
      value: -24.005001
      objectReference: {fileID: 0}
    m_RemovedComponents: []
  m_ParentPrefab: {fileID: 100100000, guid: 1d0b65d95c63e0946988a5eba345d926, type: 3}
  m_IsPrefabParent: 0
--- !u!1 &2108200183
GameObject:
  m_ObjectHideFlags: 0
  m_PrefabParentObject: {fileID: 0}
  m_PrefabInternal: {fileID: 0}
  serializedVersion: 5
  m_Component:
  - component: {fileID: 2108200184}
  - component: {fileID: 2108200185}
  m_Layer: 0
  m_Name: MoonLight
  m_TagString: Untagged
  m_Icon: {fileID: 0}
  m_NavMeshLayer: 0
  m_StaticEditorFlags: 0
  m_IsActive: 1
--- !u!4 &2108200184
Transform:
  m_ObjectHideFlags: 0
  m_PrefabParentObject: {fileID: 0}
  m_PrefabInternal: {fileID: 0}
  m_GameObject: {fileID: 2108200183}
  m_LocalRotation: {x: 0.5923656, y: 0.3861385, z: 0.3861385, w: 0.5923656}
  m_LocalPosition: {x: -20.835617, y: 8.11, z: 3.6228838}
  m_LocalScale: {x: 1, y: 1, z: 1}
  m_Children: []
  m_Father: {fileID: 726617451}
  m_RootOrder: 0
  m_LocalEulerAnglesHint: {x: 156.19699, y: -90, z: -90}
--- !u!108 &2108200185
Light:
  m_ObjectHideFlags: 0
  m_PrefabParentObject: {fileID: 0}
  m_PrefabInternal: {fileID: 0}
  m_GameObject: {fileID: 2108200183}
  m_Enabled: 1
  serializedVersion: 8
  m_Type: 0
  m_Color: {r: 0.52205884, g: 0.6415441, b: 1, a: 1}
  m_Intensity: 1
  m_Range: 50
  m_SpotAngle: 100
  m_CookieSize: 10
  m_Shadows:
    m_Type: 0
    m_Resolution: -1
    m_CustomResolution: -1
    m_Strength: 1
    m_Bias: 0.05
    m_NormalBias: 0.4
    m_NearPlane: 0.2
  m_Cookie: {fileID: 0}
  m_DrawHalo: 0
  m_Flare: {fileID: 0}
  m_RenderMode: 0
  m_CullingMask:
    serializedVersion: 2
    m_Bits: 4294967295
  m_Lightmapping: 4
  m_AreaSize: {x: 1, y: 1}
  m_BounceIntensity: 1
  m_ColorTemperature: 6570
  m_UseColorTemperature: 0
  m_ShadowRadius: 0
  m_ShadowAngle: 0
--- !u!1 &2111524744
GameObject:
  m_ObjectHideFlags: 0
  m_PrefabParentObject: {fileID: 1783117413360232, guid: b81c5d559dc99954eadb560d3c4c2b36,
    type: 2}
  m_PrefabInternal: {fileID: 0}
  serializedVersion: 5
  m_Component:
  - component: {fileID: 2111524745}
  - component: {fileID: 2111524748}
  - component: {fileID: 2111524747}
  - component: {fileID: 2111524746}
  m_Layer: 0
  m_Name: Door
  m_TagString: Untagged
  m_Icon: {fileID: 0}
  m_NavMeshLayer: 0
  m_StaticEditorFlags: 0
  m_IsActive: 1
--- !u!4 &2111524745
Transform:
  m_ObjectHideFlags: 0
  m_PrefabParentObject: {fileID: 4056233203422474, guid: b81c5d559dc99954eadb560d3c4c2b36,
    type: 2}
  m_PrefabInternal: {fileID: 0}
  m_GameObject: {fileID: 2111524744}
  m_LocalRotation: {x: -0.7071068, y: -0, z: -0, w: 0.7071068}
  m_LocalPosition: {x: -6.4834595, y: -0.08595851, z: -21.131468}
  m_LocalScale: {x: 3.5382197, y: 3.5382254, z: 3.5382254}
  m_Children:
  - {fileID: 1404546113}
  m_Father: {fileID: 1025386895}
  m_RootOrder: 4
  m_LocalEulerAnglesHint: {x: 0, y: 0, z: 0}
--- !u!95 &2111524746
Animator:
  serializedVersion: 3
  m_ObjectHideFlags: 0
  m_PrefabParentObject: {fileID: 95449692367003682, guid: b81c5d559dc99954eadb560d3c4c2b36,
    type: 2}
  m_PrefabInternal: {fileID: 0}
  m_GameObject: {fileID: 2111524744}
  m_Enabled: 1
  m_Avatar: {fileID: 9000000, guid: a19b3aaadc1a3ee4dbb18bb87471102b, type: 3}
  m_Controller: {fileID: 0}
  m_CullingMode: 0
  m_UpdateMode: 0
  m_ApplyRootMotion: 0
  m_LinearVelocityBlending: 0
  m_WarningMessage: 
  m_HasTransformHierarchy: 1
  m_AllowConstantClipSamplingOptimization: 1
--- !u!23 &2111524747
MeshRenderer:
  m_ObjectHideFlags: 0
  m_PrefabParentObject: {fileID: 23596711888188888, guid: b81c5d559dc99954eadb560d3c4c2b36,
    type: 2}
  m_PrefabInternal: {fileID: 0}
  m_GameObject: {fileID: 2111524744}
  m_Enabled: 1
  m_CastShadows: 1
  m_ReceiveShadows: 1
  m_MotionVectors: 1
  m_LightProbeUsage: 1
  m_ReflectionProbeUsage: 1
  m_Materials:
  - {fileID: 2100000, guid: 980d1fd306b19a94db38fcd0c09028c7, type: 2}
  - {fileID: 2100000, guid: 2adb455475b33b545805546001f7be94, type: 2}
  - {fileID: 2100000, guid: 782694d20b0947a459c671c2a1015119, type: 2}
  - {fileID: 2100000, guid: 782694d20b0947a459c671c2a1015119, type: 2}
  - {fileID: 2100000, guid: 9a2458bc597c0834e9f325aba226dabb, type: 2}
  - {fileID: 2100000, guid: 9a2458bc597c0834e9f325aba226dabb, type: 2}
  - {fileID: 2100000, guid: ab2a92eb898207d40b6dd52927f2514f, type: 2}
  - {fileID: 2100000, guid: ab2a92eb898207d40b6dd52927f2514f, type: 2}
  m_StaticBatchInfo:
    firstSubMesh: 0
    subMeshCount: 0
  m_StaticBatchRoot: {fileID: 0}
  m_ProbeAnchor: {fileID: 0}
  m_LightProbeVolumeOverride: {fileID: 0}
  m_ScaleInLightmap: 1
  m_PreserveUVs: 0
  m_IgnoreNormalsForChartDetection: 0
  m_ImportantGI: 0
  m_SelectedEditorRenderState: 3
  m_MinimumChartSize: 4
  m_AutoUVMaxDistance: 0.5
  m_AutoUVMaxAngle: 89
  m_LightmapParameters: {fileID: 0}
  m_SortingLayerID: 0
  m_SortingLayer: 0
  m_SortingOrder: 0
--- !u!33 &2111524748
MeshFilter:
  m_ObjectHideFlags: 0
  m_PrefabParentObject: {fileID: 33448724577769812, guid: b81c5d559dc99954eadb560d3c4c2b36,
    type: 2}
  m_PrefabInternal: {fileID: 0}
  m_GameObject: {fileID: 2111524744}
  m_Mesh: {fileID: 4300000, guid: a19b3aaadc1a3ee4dbb18bb87471102b, type: 3}
